2422 4328
113 144 165 254 ru
188 204 434 254 cucurrero.
454 189 549 252 crin.
569 181 681 255 XLVI.
702 138 867 268 (xxruu.
884 189 928 272 7.)
946 190 1043 274 435'
1087 290 1088 293 Ἴ

127 359 264 438 ,μέγεθος
284 353 389 440 αὐτῷ
410 348 465 421 aa)
487 351 599 439 σχῆμιι
619 355 797 449 τοριοιοιὲἰκ.
839 357 935 437 Recte
955 355 1100 442 rad-pm

53 440 101 530 rid
128 447 175 508 ed.
206 445 284 509 Veu.
317 463 389 506 cum
417 444 466 505 Pa.
490 441 524 504 dr
550 442 592 505 Pi.
643 439 740 508 αὐτοῦ
766 445 814 505 cd.
844 443 946 510 Heius.
970 466 1012 508 ex
1051 459 1067 494 ¹

53 529 123 592 cod.
149 529 239 594 Nans.
266 547 338 591 cum
365 526 460 594 Vhab.
485 526 519 605 dt
545 527 664 606 Vpabd.
681 527 722 592 -δι
749 527 790 592 iic
814 529 915 593 noster
936 531 1012 612 Arg.

53 613 87 681 ἃ
108 615 160 682 Pb.
203 615 359 693 Ambigue
383 633 457 676 vero
480 610 592 693 scripfit
617 615 669 678 Po.
691 615 938 677 terminationem
958 637 1008 679 vo«
1105 681 1113 691 ‘

52 702 100 763 cis
129 718 192 760 uon
219 701 410 779 exprimens,
445 697 496 780 qui
524 717 593 761 mos
620 709 686 760 erat
703 699 786 762 iilius
805 700 926 766 librarii.
975 692 1013 764 cd
1049 715 1067 770 b

50 779 294 868 ,ἀνθρώπειον
336 781 437 856 cupa.
481 782 531 844 Sic
570 783 705 865 quinque
745 783 837 845 nostri
875 785 1014 859 codices,

53 869 272 950 compendiose
299 870 422 951 quidem
450 871 527 935 οἷοῖοι
551 866 724 931 scribentes.
775 869 918 933 Mendoib
939 864 1016 934 otve-

53 976 105 1017 κον
125 956 173 1018 ed.
195 954 274 1018 Ven.
308 948 496 1036 rr'vdpor'rrrvorr
517 955 565 1017 ed.
586 953 689 1016 Heius.
708 972 779 1014 cum
804 952 900 1018 Wolf.
943 976 1016 1037 rpu-

55 1036 165 1120 φῆιοιι,
181 1031 242 1123 peip
272 1038 411 1102 descura.
459 1041 630 1103 Commode
658 1036 753 1103 ὂᾶτοιι
773 1042 819 1100 ed.
842 1039 921 1109 Verr.
942 1060 1014 1104 cum

54 1127 189 1206 quinque
210 1124 318 1189 notiris
339 1125 517 1200 itisstis3id
541 1126 600 1201 est,
623 1145 699 1207 opus
719 1134 806 1189 erut:
831 1128 913 1206 quod
939 1144 1016 1204 prae-

54 1221 103 1273 ter
129 1230 193 1272 rem
220 1212 250 1275 in
281 1205 324 1273 dei
352 1211 481 1274 mutavit
509 1209 612 1276 Heius.
639 1227 798 1289 praeeunte
824 1211 893 1273 cod.
923 1210 1014 1276 Nous.

54 1312 126 1358 cum
142 1296 236 1364 Vhab.
257 1293 291 1359 δι
312 1295 410 1377 Vpab.
456 1294 588 1359 τοιοῖσδε
610 1291 663 1358 rtur*
686 1292 820 1359 οοιοιῗοδο
843 1298 1015 1369 ποικιλίαις.
1091 1306 1096 1313 “

54 1377 138 1444 Satis
162 1391 227 1446 erat
254 1378 390 1445 τοιοῖσδε
419 1404 501 1445 rore.
537 1383 569 1443 id
598 1381 656 1456 est,
706 1379 754 1444 sris
784 1383 1017 1464 diversttutibus,

10 1560 13 1567 ⁷
54 1485 168 1615 'amic‘
185 1466 491 1631 distiti?
504 1463 696 1615 ιῖἕῖἕιῖῗ
717 1469 1018 1632 Ρέιῖῗέιάῑὲῖἓῗῧὲῖἐ

55 1647 191 1703 tuentur.
233 1629 308 1718 προς
335 1644 512 1719 Θεοκρίοινιις
537 1631 591 1701 uu)
610 1573 813 1713 Ποιέοἰὲιοιιις.
855 1637 1016 1720 „insignes

56 1720 494 1804 „suissecoquos,apparet;“
527 1725 570 1786 uit
595 1721 740 1789 Wolfius.
783 1721 934 1786 Neutrum
962 1744 1018 1785 no·

20 1872 21 1876 ,
57 1825 129 1870 men
153 1808 265 1870 eodem
288 1808 565 1889 menofantum,
591 1810 674 1889 quod
697 1808 802 1882 sciam,
823 1809 903 1889 apud
924 1808 1019 1879 alium

56 1891 235 1974 scriptorem
255 1893 378 1971 legitur.
421 1900 556 1976 Θέωρος,
586 1901 696 1974 poeta,
726 1892 828 1972 paiiim
850 1896 928 1974 apud
949 1893 1018 1965 Ari·
1101 1969 1104 1973 Ι
1199 1926 1203 1933 -

56 1977 235 2056 stophanem
262 1991 543 2051 commemoratur.
559 1979 610 2060 qui
632 1999 705 2041 eum
724 1989 790 2042 tum
810 1987 844 2042 ut
863 1979 1017 2060 periurum

56 2060 91 2125 δι
110 2062 293 2137 moechum,
321 2080 386 2126 tum
410 2075 444 2128 ut
463 2063 590 2144 piscium
610 2064 777 2127 helnonem
796 2062 921 2127 inducit.
964 2063 1019 2130 Vi-

57 2149 98 2210 de
123 2145 248 2211 Suidam
272 2149 301 2211 h.
323 2169 351 2210 v.
372 2147 405 2212 dt
425 2149 579 2216 Scholiast.
610 2148 764 2228 Aristoph.
787 2153 819 2210 in
851 2149 954 2232 Equit.
979 2147 1019 2211 vs·

59 2235 133 2313 605.
177 2227 344 2311 Πάξαμος,
372 2226 492 2314 λέγιοο,
518 2248 553 2299 ut
574 2232 616 2297 ait
635 2234 760 2315 Suidas,
785 2235 816 2297 id
838 2235 881 2298 est
900 2234 945 2296 vir
965 2233 1021 2295 do-

59 2319 146 2391 ttus,
180 2320 328 2382 eumalio
352 2316 464 2398 scripsit
483 2320 520 2384 ab
549 2322 661 2383 eodem
685 2318 777 2384 Suida
798 2337 1020 2387 commemora-

59 2415 107 2479 ta,
128 2402 162 2467 dt
181 2406 212 2466 in
233 2405 283 2466 his
304 2403 474 2481 obscoena,
500 2416 566 2470 tum
587 2399 810 2490 Ὀψοιρτοτικοί
832 2398 918 2469 κοινοῖ
939 2425 1020 2467 oror-

60 2488 166 2573 χοῖον,
205 2487 226 2554 i.
248 2511 276 2552 e.
295 2491 334 2552 de
355 2487 401 2551 Re
430 2491 628 2574 coquinaria,
651 2494 778 2554 ordine
806 2489 1018 2570 Aipirabetico.
1063 2499 1066 2509 '

59 2578 147 2642 idem
169 2575 248 2655 apud
272 2575 458 2640 Athenaeum
477 2580 604 2649 citatur,
624 2575 746 2642 tiuix.
771 2595 801 2657 p.
822 2574 892 2658 3376.
912 2595 940 2638 e.
960 2594 1020 2638 nec

60 2659 180 2725 abhoc
206 2659 327 2723 fortasse
346 2663 481 2727 diversus
506 2663 548 2728 est
569 2661 623 2725 ilie
642 2665 822 2737 Postumus,
868 2680 959 2741 quem
987 2660 1021 2722 iu

59 2745 252 2810 Medicorum
279 2747 424 2825 catalogo
450 2749 555 2813 retulit
580 2746 738 2812 Fabricius
758 2746 841 2811 Bibi·
858 2748 958 2811 Graec.
981 2743 1040 2810 T.-

49 2829 147 2896 xlii.
175 2849 204 2908 p.
227 2827 297 2910 360.
320 2832 353 2894 in
381 2830 570 2915 Geoponicis
602 2830 706 2914 passim
732 2841 1018 2902 commemoratum,
1124 2876 1126 2883 ι

60 2928 98 2980 ut
119 2915 228 2978 virium
249 2912 407 2980 herbarum
430 2921 570 2998 peritum.
620 2918 689 2979 Hos
709 2916 867 2996 respexisse
888 2917 949 2980 hoc
974 2917 1020 2977 io·

61 3022 102 3066 co
123 2999 298 3082 Simplicius
320 3002 454 3066 videtur:
487 3004 613 3066 nomina
633 3023 708 3063 vero
728 3002 936 3064 consulto-ne
957 3018 1022 3062 mu·

61 3086 188 3158 tenerit,
224 3083 320 3169 (quau
346 3089 462 3151 diceret
482 3089 614 3153 homines
641 3085 748 3150 Themi
768 3085 806 3155 ἐκ)
827 3088 964 3152 Paxarrri
977 3083 1018 3164 st·

59 3169 179 3246 miles)
202 3191 239 3233 au
262 3172 329 3234 casu
349 3173 380 3235 id
402 3171 533 3249 setium,
560 3173 621 3237 five
644 3170 784 3251 abipso,
813 3169 874 3234 five
896 3189 912 3230 a
932 3168 1018 3230 libra·

59 3257 131 3328 riis,
156 3275 217 3320 uon
239 3256 380 3320 definiam
402 3260 554 3342 equidem.
592 3251 702 3339 ci'orsp
726 3249 860 3338 ἄγροικοι
880 3253 937 3330 μὲν
956 3248 1036 3314 τοῖνΔ

61 3339 290 3418 vaticinata,
318 3340 417 3406 δοῦλοι
447 3344 478 3407 δὲ
505 3341 566 3407 διο.
603 3346 638 3405 oi
655 3335 790 3426 ἄγροικοι
808 3340 841 3404 &
861 3342 897 3404 οἱ
921 3332 1020 3399 tritor

59 3427 157 3490 edidit
196 3426 301 3490 Heius.
339 3442 450 3508 praeter
484 3427 690 3492 necessitatem
726 3424 845 3510 adjedto
881 3422 1021 3498 articulo,

60 3531 152 3595 quem
180 3514 342 3592 utrobique
368 3514 513 3593 ignorant
538 3527 659 3578 veteres
686 3511 757 3576 iibri
773 3526 923 3589 omnem·
953 3518 1021 3573 tum

60 3617 137 3662 vero
163 3597 246 3659 idem
273 3595 415 3660 Heinfius
443 3617 548 3679 parum
575 3598 739 3663 commode
767 3617 807 3656 ex
833 3596 902 3656 cod.
930 3591 1021 3659 Nans.

61 3679 200 3747 πολιτῶν
221 3684 395 3761 adoptavit,
416 3686 500 3764 quod
519 3687 643 3769 quidem
663 3682 696 3748 dt
717 3679 810 3744 nostri
833 3677 923 3743 codd.
942 3678 1020 3760 Arg.
1037 3693 1039 3698 ’

60 3765 95 3830 &
116 3770 166 3830 Pb.
195 3765 323 3841 habent,
363 3767 396 3832 δι
423 3790 461 3832 ex
487 3771 556 3834 aliis
574 3768 730 3835 codicibus
758 3767 942 3828 adnotarunt
965 3763 1023 3826 viri
1113 3814 1116 3821 ,

60 3849 146 3915 cour
166 3853 199 3913 in
220 3851 299 3918 Vhb.
320 3851 353 3915 ἃ
374 3851 473 3936 Vpbc.
522 3857 622 3921 Multo
647 3853 757 3920 tertius
781 3844 947 3914 motastada
969 3850 1023 3911 de-

59 3939 134 4000 dere
151 3941 204 4003 Pa.
224 3934 273 4004 Pe.
294 3935 327 4001 δι
353 3937 396 4004 Pi.
423 3960 494 4016 cum
522 3945 572 4008 ed.
604 3942 688 4012 Ven.
737 3939 870 4002 πολῖται
898 3934 975 3997 tunt
1001 3934 1042 3990 ci·
1089 3988 1092 3997 ,

559 4033 670 4098 Eeu
984 4028 1068 4074 κον,
1127 4038 1130 4042 ·
