2422 4328
142 198 206 271 auo
255 214 580 269 annuunt
621 218 1096 277 zncntnnntott

136 361 225 477 quali
245 370 419 473 neglediua.
466 368 504 446 ld
527 396 606 445 vero
628 372 718 445 aliter
734 372 863 449 efficere
883 402 952 449 non
977 400 1088 476 putea,
1114 372 1178 455 nili

136 481 178 551 ab
211 484 461 560 intentiones,
507 502 580 576 qua
608 482 643 547 in
673 479 767 551 nobis
790 504 860 551 non
886 477 981 569 sunt3
1025 490 1124 583 inque
1136 492 1207 579 iia·

135 600 295 667 tantum‚0
326 606 395 679 quae
415 576 487 651 sunt
514 585 548 651 in
575 574 687 667 nobit,
729 584 918 655 bonumne
952 586 1080 659 malum
1112 614 1173 687 po·

134 712 202 759 nas.
275 682 375 782 Quod
405 680 431 755 li
456 706 571 755 eorum
598 683 717 783 aliquid
744 688 868 759 bonutn
890 683 953 759 elie
970 710 1027 759 aut
1048 694 1174 765 anulum

134 792 293 889 opineris,
317 782 440 860 necelse
459 784 524 869 est,
544 804 598 871 ut,
622 814 721 889 quum
737 814 775 861 ea
797 816 865 863 nun
884 787 1086 893 consequaris
1100 820 1173 895 quat

133 892 233 977 uelis,
266 896 373 963 autin
396 916 434 961 ea
458 886 581 961 incidas
601 916 670 990 quaa
697 892 797 976 nulii,
829 902 1054 993 conqueraris,
1078 922 1174 999 atqua

133 994 241 1069 oderis
264 1001 332 1088 ejus
353 999 397 1067 rei
424 988 561 1065 causum.
637 1000 747 1067 Omne
766 992 807 1067 ad
828 1001 895 1069 hoc
917 998 1036 1071 anitnal
1057 1022 1172 1075 natum

134 1098 199 1183 est,
225 1120 279 1181 ut,
301 1124 369 1197 qua:
384 1100 481 1169 noxia
496 1095 660 1183 videntur,
690 1123 867 1199 eorumque
884 1098 1010 1183 caulas,
1031 1100 1173 1203 fugiant,

133 1223 229 1301 atque
257 1204 297 1272 ab
325 1206 374 1272 hia
397 1221 594 1288 avertantur3
615 1201 702 1274 utilia
731 1228 827 1287 veru,
848 1210 882 1275 dt
910 1228 1024 1277 uorum
1053 1204 1172 1295 causat,

133 1332 275 1408 quaerant
295 1324 388 1403 atque
411 1300 618 1376 admirentur.
692 1308 770 1377 Non
786 1307 891 1405 potell
911 1313 1026 1407 igitur,
1069 1306 1172 1410 quise

133 1410 205 1485 laedi
225 1430 334 1508 putat,
352 1406 493 1509 eoquod
509 1406 625 1480 laedere
639 1406 766 1481 videtur
778 1410 936 1508 gaudere:
962 1409 1047 1500 unde
1061 1438 1093 1487 et
1106 1410 1170 1499 insa

132 1512 261 1589 laefione
274 1509 414 1613 gaudere
431 1510 621 1611 impollibile
633 1509 689 1581 est.
741 1513 837 1585 Vnde
855 1538 887 1587 et
899 1521 980 1615 patri
994 1516 1077 1588 filius
1091 1502 1170 1589 cun·

132 1624 284 1702 viciatus,
306 1642 407 1715 quum
428 1621 494 1700 hin,
515 1642 585 1716 quae
608 1615 692 1687 buna
712 1614 877 1704 videntur,
906 1618 1009 1691 lilium
1028 1646 1096 1693 non
1110 1626 1170 1693 im·

131 1728 238 1823 penit.
288 1723 330 1791 Et
345 1719 620 1821 Polinicen'atque
639 1721 805 1793 Eteoclem
826 1725 890 1795 hoc
905 1726 985 1795 inter
997 1718 1030 1795 se
1048 1721 1169 1797 discn-

130 1825 209 1899 dare
226 1824 402 1923 compulit,
436 1820 522 1924 quod
541 1820 747 1917 tyrannidem
774 1826 898 1901 bunum
921 1821 983 1897 esse
1007 1828 1169 1925 putabant.

130 1934 265 2031 Propter
285 1934 347 2001 hoc
365 1928 507 2026 agricola
527 1932 724 2002 conviciatur
742 1926 819 2015 diis,
844 1952 975 2027 propter
986 1935 1049 2003 hoc
1062 1952 1168 2017 nauta,

128 2058 261 2139 propter
273 2038 337 2105 hoc
353 2056 528 2117 altercator,
552 2056 683 2133 propter
696 2036 760 2103 hoc
770 2028 875 2131 ipsum
890 2034 1001 2133 quibus
1015 2054 1069 2105 aut
1088 2058 1167 2105 uxo-

127 2166 179 2212 res
207 2162 260 2210 aut
271 2140 363 2210 liberi
385 2143 539 2211 interiere.
620 2136 684 2207 Vbi
711 2141 799 2208 enini
823 2136 955 2221 utilitas,
992 2138 1035 2207 ibi
1059 2145 1164 2233 pietat.

127 2243 374 2339 Qtamobrem‚
414 2247 468 2339 qui
497 2266 534 2309 ea
559 2258 646 2310 curat
673 2258 820 2337 appetere
839 2258 933 2337 atque
958 2246 1075 2315 evitare
1095 2262 1167 2340 qutt

128 2363 276 2444 oportet,
296 2350 322 2410 in
335 2366 376 2412 eo
391 2364 538 2437 tempore
552 2348 648 2413 etiam
665 2349 816 2440 pietatem
833 2364 930 2417 curat.
982 2347 1096 2417 Libare
1110 2371 1165 2417 au·

128 2468 197 2519 teni
210 2466 241 2517 et
255 2444 428 2515 laetificare
448 2441 622 2516 secundum
643 2466 761 2545 patrios
779 2472 887 2519 mures
903 2470 1164 2548 unumquemque

126 2549 221 2623 decet
236 2574 335 2647 pute,
354 2550 469 2647 absque
486 2542 622 2634 lascivia,
643 2550 759 2651 absque
776 2550 985 2653 negligentia,
1009 2576 1078 2626 nun
1092 2578 1163 2657 par·

107 2688 110 2697 ·
128 2683 186 2743 ce,
210 2678 280 2727 non
297 2646 389 2753 supra
405 2649 602 2726 facultatem.

208 2878 220 2887 “
321 2859 411 2929 cAP.
429 2856 594 2931 XXXVII.
636 2854 971 2947 [Nobiscap.xxx11.]

126 3002 254 3096 Qualem
255 3003 291 3093 se
305 3006 349 3071 ad
371 3007 597 3072 Divinationem
614 3003 773 3081 adhibere,
802 3003 961 3089 dequibus
978 3002 1083 3069 vatem
1096 3014 1162 3068 toa.

138 3115 240 3199 sulm
247 3157 258 3191 ‚
285 3112 431 3195 quomado
444 3108 680 3174 divinationibus
695 3109 742 3172 uti
754 3115 916 3190 oporteat:
940 3111 973 3172 in
986 3126 1043 3191 qun
1046 3105 1140 3189 stmul

252 3224 280 3280 et
294 3213 417 3300 cyliciam
431 3234 509 3295 erga
521 3213 606 3280 Deos
618 3220 648 3275 et
663 3231 741 3294 erga
755 3229 810 3273 uus
832 3206 912 3292 ipſsas
923 3210 1034 3292 exiliit.

230 3339 342 3433 Qum
364 3330 406 3405 ad
430 3332 673 3405 Divinationem
701 3324 839 3412 accedit,
863 3345 1048 3412 memento,
1068 3331 1161 3424 igno·

124 3458 196 3515 'rare
216 3460 247 3508 te
268 3435 344 3534 quid
366 3434 405 3509 lit
425 3455 635 3520 eventurum,
661 3457 755 3531 atque
776 3430 852 3504 ideo
870 3453 976 3505 vatem
995 3426 1101 3517 aditu,
1125 3449 1160 3503 ut

124 3570 166 3617 ex
187 3567 227 3615 eu
250 3539 283 3612 id
302 3538 421 3613 audias.
472 3539 575 3635 Quale
601 3550 709 3611 autem
731 3533 871 3637 quidque
891 3534 944 3623 fit,
972 3533 997 3606 li
1020 3530 1162 3634 philosoq

123 3640 207 3752 plaut
226 3662 276 3731 es,
306 3668 374 3716 nun
394 3650 532 3744 ignoras.
583 3648 615 3716 Si
629 3645 717 3713 enim
736 3667 777 3713 ex
791 3644 828 3712 iis
841 3638 907 3727 est,
934 3666 1005 3740 quae
1018 3644 1052 3710 in
1068 3640 1161 3711 nobit

122 3780 192 3827 non
213 3746 300 3834 sunt,
332 3746 538 3823 necellarium
557 3743 704 3851 profedlo
717 3744 781 3832 all,
805 3770 909 3844 neque
927 3746 1050 3815 bonum
1065 3737 1098 3811 id
1116 3730 1162 3813 el‘·

122 3854 178 3944 se,
199 3880 304 3957 neque
326 3853 460 3927 malum.
512 3852 614 3926 Tolle
642 3854 741 3949 igitur
764 3849 820 3929 abs
846 3868 898 3934 te,
929 3874 1030 3949 quum
1052 3863 1162 3923 vatem

117 3962 209 4051 adit,
237 3962 414 4063 appetitum
434 3986 473 4035 tc
497 3956 765 4034 declinationem:
798 3952 886 4028 aliter
909 3957 998 4024 enim
1019 3968 1160 4023 trement

1104 4078 1156 4123 va·
