2422 4328
133 251 204 297 rx
246 230 1108 323 rorrrranrvraaro'rrrr.147·

69 400 125 491 id,
148 398 238 503 quod
261 396 415 484 declinat,
437 396 565 485 incidit,
586 401 672 478 male
692 402 736 476 ell
764 397 950 480 fortunatus.
999 412 1033 480 Si
1053 435 1110 482 er·-

67 533 114 605 go
135 501 200 579 sola
214 502 378 592 declinas,
405 530 474 604 quae
495 521 609 602 practer
626 531 741 578 eorum
755 527 901 579 naturam
925 507 1011 595 sunt,
1030 539 1102 611 quae

10 682 12 691 ,
66 617 101 682 in
124 631 154 682 tc
178 605 267 692 sunt,
291 633 456 706 nunquam
469 615 503 679 in
516 603 549 676 id
565 606 686 680 incides
699 605 977 710 quoddeclinabis.
1005 617 1108 688 Mon·

68 715 149 789 bum
169 734 277 785 antem
305 708 505 797 fidcclines,
524 733 582 782 aut
602 700 763 795 mort'ern,
781 764 783 769 -
799 731 853 783 aut
874 726 1122 813 paupertatem*

68 818 157 891 male
177 812 355 886 fortunatos
383 819 472 890 eris,
529 810 631 886 Aufer
660 820 758 912 igitur
785 809 1034 891 declinationem
1060 822 1118 901 ab,
1171 904 1176 916 ¹

65 921 239 1003 omnibus,
277 944 348 1016 quae
370 942 439 990 non
460 912 530 990 sunt
552 923 587 990 in
608 919 721 1006 nobis,
761 920 896 1018 eamque
910 908 1044 994 transfer
1066 928 1102 999 in

64 1050 123 1108 ea,
146 1051 216 1123 quac
240 1039 351 1121 praeter
372 1046 485 1092 corum
505 1018 650 1094 naturam
667 1016 739 1096 sunt
761 1046 832 1120 quae
851 1027 886 1093 in
908 1021 1103 1101 nobissum:
1140 1113 1150 1121 ,

65 1132 244 1226 appetitum
270 1149 349 1198 vero
379 1128 505 1222 penitus
535 1130 576 1199 in
593 1121 754 1222 presentia
774 1120 874 1199 aufer.
952 1129 986 1203 Si
1011 1134 1129 1206 enim'

66 1237 187 1331 appetis
212 1254 280 1330 quae
302 1231 335 1300 in
358 1228 452 1301 nobis
473 1252 543 1317 non
562 1222 651 1314 sunt,
684 1230 724 1300 ab
748 1225 856 1327 aliquo
879 1252 994 1303 eorum
1016 1237 1101 1311 exci·
1176 1270 1179 1275 ·

64 1333 121 1407 das
144 1328 267 1407 necesse
291 1328 354 1403 est:
376 1349 530 1428 quantum
552 1355 630 1403 vero
650 1355 783 1416 eorum,
806 1357 877 1431 quse
899 1327 972 1408 sunt
992 1338 1025 1406 in
1042 1362 1100 1409 no·

63 1439 138 1520 bis,
183 1456 331 1535 appetere
353 1430 519 1532 expediat,
562 1431 711 1509 nondum
731 1437 789 1507 tibi
813 1433 946 1507 conllat.
1020 1439 1100 1516 Solo

64 1545 163 1615 animi
185 1558 303 1625 conatu
322 1558 375 1609 aut
395 1542 585 1635 avocatione
600 1559 690 1613 utere
715 1537 846 1629 leviter,
871 1544 906 1616 dt
924 1564 1001 1616 cum
1027 1534 1101 1646 sup.

62 1647 246 1747 putatione,
271 1647 306 1716 dt
326 1637 461 1722 rcnrill'e,
703 1638 709 1647 “
944 1639 946 1645 ’

330 1834 827 1960 mmfflwm

193 2027 345 2114 Quomodo
370 2025 535 2092 tradenda
558 1994 626 2112 quoe
642 2031 673 2092 in
697 2027 794 2093 Nobis
814 2051 873 2094 oon
887 2029 974 2114 sust.

166 2189 204 2258 ln
224 2205 420 2284 unoquoque
439 2205 573 2266 eorum,
596 2208 666 2284 quae
686 2201 740 2253 aut
761 2178 1020 2277 deledlant„·aut
1036 2189 1100 2279 ¹uti·

62 2288 185 2363 litatem
199 2288 341 2386 praebent
358 2339 368 2371 ,
387 2303 443 2356 aut
464 2282 660 2383 diliguntur,
694 2304 862 2358 memento
888 2283 1101 2375 confiderem,

61 2395 157 2494 quale
176 2387 210 2462 id
231 2387 369 2490 quidque
390 2385 454 2473 cll,
499 2393 654 2489 incipiens
675 2416 692 2460 a
719 2392 872 2461 minimis.
941 2392 975 2461 Si
992 2390 1098 2464 ollam

61 2497 184 2595 diligis,
203 2491 274 2578 dic,
294 2492 396 2578 ollam
410 2490 529 2591 diligo:
550 2486 589 2564 ed
606 2496 697 2577 enirn
710 2484 829 2576 fredi,
849 2517 917 2565 non
935 2495 1097 2591 perturba·

62 2600 153 2674 beris.
201 2600 234 2669 Si
253 2594 361 2669 rlilium
380 2613 471 2668 tuum
494 2621 600 2681 arnas,
645 2615 701 2668 aut
727 2619 881 2680 uxorem,
903 2592 954 2668 dic
976 2612 1007 2668 te
1036 2601 1096 2672 lro·

62 2707 187 2783 minem
206 2696 356 2799 diligere:
375 2694 507 2773 mortuo
525 2704 631 2787 enim,
655 2724 724 2773 non
749 2699 994 2799 perturbaberis,

300 2913 832 3001 ·fflmmmm

59 3075 215 3166 ‚Quomodo
233 3073 413 3161 proparari
436 3073 467 3139 in
487 3068 651 3139 arionitas
664 3078 822 3154 oporteat,
841 3078 877 3138 ut
883 3069 1091 3157 perturbatio.

140 3244 148 3249 .
228 3197 264 3241 nr
277 3193 432 3247 racemum
447 3195 484 3240 ac
494 3175 607 3257 pomo,
623 3173 927 3254 peerditationem.

160 3335 273 3430 Qum
293 3353 363 3401 rem
383 3331 572 3427 quampiam
595 3320 796 3426 aggrell'uros
818 3351 869 3410 er,
898 3320 1010 3425 redige
1036 3329 1095 3400 tibi

58 3441 96 3512 in
115 3438 328 3518 memoriam,
374 3430 552 3531 qualisnam
579 3456 616 3502 ea
644 3455 693 3500 res
715 3426 765 3519 fit,
795 3473 800 3482 ·
835 3431 869 3501 si
892 3425 997 3506 lotum
1015 3432 1098 3516 abis,
1188 3490 1198 3499 ,

56 3566 212 3644 praepone
234 3538 291 3608 tibi
310 3560 505 3635 quaecunque
527 3538 562 3606 in
581 3530 696 3606 balneo
710 3531 812 3618 fiunt,
835 3535 1022 3620 irrorantes,
1044 3540 1094 3605 in·

57 3649 200 3746 quietes,
231 3642 464 3724 conviciantes,
500 3632 667 3725 furantem
716 3656 810 3738 atquc
835 3641 878 3709 ita
905 3641 1000 3709 tutius
1022 3661 1094 3707 rern

56 3745 262 3847 aggredieris.
321 3743 356 3813 si
377 3759 482 3821 autern
497 3744 651 3813 continuo
667 3736 770 3827 dices,
790 3739 887 3811 lavari
902 3738 996 3823 volo,
1016 3760 1094 3837 pro.

56 3851 262 3953 politumque
288 3870 421 3931 meum,
450 3838 549 3945 ''quod
572 3838 747 3915 secundnm
767 3863 912 3915 naturam
933 3838 997 3925 ell,
1032 3834 1099 3933 fer<

55 3981 150 4048 rare,
175 3961 251 4035 &in
269 3971 456 4054 quacunque
481 3972 516 4021 re
540 3943 698 4033 fimiliter,
720 3969 788 4020 non
806 3945 961 4046 peccabis.
1016 3945 1094 4017 Hoc
1197 3957 1199 3962 '

601 4051 680 4171 Ka¹
757 4053 760 4059 ’
1022 4047 1126 4116 emm
