2422 4328
132 220 1084 305 1461u1cuc11ncutnxntou

124 398 251 468 minem
275 387 435 487 culpabis,
456 385 623 454 neminem
652 370 831 464 accusabis,
854 384 973 455 inuitus
987 380 1166 485 nihilagee,

124 520 226 572 uento
249 512 280 567 te
300 488 412 577 laedet,
435 489 605 559 inimicum
624 504 695 555 nou
710 482 856 559 habebit,
1008 592 1011 599 Ι

390 707 478 775 cnu.
499 684 569 771 111.'.
597 702 705 788 [nnn
723 702 798 783 cap.
819 710 841 763 t.
863 696 906 782 c]
931 760 938 769 .

131 872 220 960 Quod
243 865 353 934 Alieno
373 858 557 931 omittenda,
580 856 697 946 Nostra
715 854 875 927 urm,-
895 852 1031 938 quodq„
1041 864 1171 945 ms„

522 956 641 1042 “dfiuu'
656 980 715 1023 m
730 960 779 1047 est.

235 1125 269 1195 Si
293 1138 373 1217 ergo
392 1114 466 1189 talia
486 1115 623 1211 expetis,
656 1126 823 1185 memento
849 1132 919 1185 non
938 1128 1092 1210 oportete
1104 1136 1173 1187 mo·

134 1227 206 1303 dice
227 1239 434 1297 commotum
464 1243 502 1289 ea
528 1220 703 1313 attingere,
741 1210 795 1285 sed
820 1218 939 1315 partim
964 1223 1108 1289 nomino
1127 1212 1176 1289 di·

134 1336 281 1412 mittere,
301 1326 418 1424 partim
431 1327 465 1394 in
488 1313 650 1421 praesentia
664 1318 813 1409 rejicere,
837 1344 875 1389 ac
888 1320 995 1415 primo
1007 1323 1064 1405 tui,
1076 1316 1173 1415 ipfine

137 1460 249 1507 curam
285 1453 388 1527 agere.
461 1426 494 1496 Si
533 1442 642 1495 autem
667 1426 703 1493 dt
735 1425 803 1493 haec
829 1413 893 1519 ipsa
921 1420 1174 1597 wliefflmoe

137 1534 275 1618 scilicet,
300 1522 487 1613 diveseffe,
516 1530 550 1599 ἃ
572 1520 766 1597 domesticos
790 1522 948 1621 dirigere,
972 1518 1009 1597 so
1083 1550 1175 1597 eue-

139 1668 203 1741 que
229 1643 297 1710 haec
320 1628 385 1732 ipsa
406 1625 622 1729 consequeris,
648 1632 721 1726 quia
749 1631 857 1725 priora
879 1651 1008 1725 quoque
1034 1632 1174 1727 expetis:

140 1745 195 1817 illa
221 1762 296 1813 vero
325 1734 415 1808 nullo
437 1730 542 1805 modo
562 1723 782 1831 consequeris,
804 1756 872 1831 quae
898 1724 964 1803 sota
985 1734 1115 1805 homini
1130 1726 1177 1805 fe·

141 1848 293 1922 licitatem
313 1843 450 1943 pariunt.

409 2056 498 2128 CAP.
516 2052 569 2124 lV.
615 2052 719 2138 [Nobis
737 2052 808 2136 Cap.
828 2063 852 2118 1.
875 2052 919 2139 5.]

144 2221 211 2308 Qec
230 2238 287 2285 noc
304 2213 395 2299 patu
416 2215 451 2278 ἐκ
471 2208 581 2296 aspera
600 2211 708 2296 quevis
727 2210 945 2294 tnngtnattme
957 2228 1069 2293 gerere
1091 2228 1169 2295 opor

623 2318 698 2377 tent.
1165 2368 1168 2373 ,

248 2469 417 2540 Continuo
437 2468 533 2563 igitur
552 2469 585 2537 in
600 2470 710 2565 quavis
725 2459 832 2565 aspera
854 2468 1084 2564 imaginatione
1099 2458 1182 2537 disee

148 2567 363 2655 considerare,
388 2571 652 2665 imaginationem
674 2564 735 2639 ess'e
758 2566 867 2655 illam,
893 2592 996 2669 neque
1017 2562 1053 2637 id
1074 2572 1181 2641 omni·

148 2701 193 2749 no
216 2669 277 2745 effe
290 2668 378 2771 quod
397 2667 532 2743 videtur.
582 2670 710 2744 Deinde
732 2664 867 2743 scrutare
897 2669 952 2758 id,
971 2676 1008 2743 dt
1029 2676 1181 2745 examina

148 2779 197 2853 hic
229 2775 361 2874 regulis,
415 2800 491 2874 quas
518 2774 637 2864 habes;
678 2768 847 2875 primique
875 2777 936 2847 hac
965 2780 1000 2847 dt
1025 2780 1181 2861 maxime,

147 2900 255 2950 utrum
282 2882 365 2948 circa
392 2902 429 2947 ea
454 2872 511 2962 fit,
556 2871 722 2975 quaesunt
748 2883 782 2948 in
805 2878 921 2966 nobis,
964 2904 1005 2949 an
1024 2901 1095 2975 quae
1113 2886 1183 2951 nou

147 2976 228 3053 sunt.
276 2973 420 3078 Qodfi
448 2984 532 3049 circa
553 2977 684 3080 aliquod
711 3003 825 3051 coium
843 2978 898 3066 fit,
940 3006 1011 3079 quae
1032 2983 1067 3053 in
1085 2980 1182 3055 noble

147 3109 216 3163 non
235 3077 325 3169 sunt,
347 3100 538 3183 promptum
560 3087 626 3156 hoe
648 3078 735 3170 esso,
759 3080 850 3155 Nihil
870 3081 914 3156 ad
939 3109 1005 3160 me.

429 3316 522 3387 CAP·
541 3319 581 3390 V.
621 3319 730 3403 [Nobis
747 3319 821 3399 Cap.
843 3316 896 3402 ii]
1039 3344 1045 3353 ·

148 3570 151 3577 ¹
253 3468 409 3557 Quomodo
438 3472 603 3540 trudanda
620 3474 705 3560 stet,
739 3491 805 3557 qun·
824 3472 858 3537 iu
880 3470 979 3539 Notis
987 3470 1074 3557 sunt.

248 3625 442 3711 Memento,
465 3621 622 3725 adpetitus
642 3620 887 3725 promissionem
909 3618 989 3711 effe,
1023 3620 1186 3699 utconse·

142 3727 246 3827 quatit
266 3724 355 3823 quod
382 3735 523 3829 appetis:
556 3726 777 3801 declinationis
798 3748 908 3803 autem
927 3725 1196 3827 promiffionem'

141 3848 177 3924 ut
197 3834 232 3901 in
251 3824 287 3900 id
308 3855 378 3903 non
395 3830 516 3904 incidas
534 3830 624 3931 quod
644 3829 793 3908 declinas.
866 3838 933 3935 Qui
956 3858 1037 3932 ergo
1062 3837 1188 3931 appeti·

140 3951 191 4006 tue
216 3931 428 4033 promistione
449 3931 587 4026 excidit,
606 3932 820 4013 infortunatus
840 3934 904 4011 eu:
929 3941 985 4035 qui
1009 3953 1120 4011 autem
1133 3940 1187 4114 iit?

738 4084 741 4089 ¹
1173 4092 1187 4129 θ
