2422 4328
222 240 273 293 rs
297 241 540 289 euenum.
582 242 661 289 cna.
678 220 703 288 1.
733 221 829 307 (ln)
957 238 1019 311 193

56 404 125 475 tor,
160 398 233 459 'neo
261 396 341 459 inter
372 394 417 471 lc,
474 412 535 458 nec
566 410 638 456 curn
673 388 832 460 Wolfiona
857 398 1022 477 partitione
1043 400 1093 465 Μ

57 484 246 556 concordet,
288 500 388 562 neque
415 500 490 543 vero
518 497 589 541 cnm
609 472 701 559 iptior
724 479 863 561 Simplici
883 484 1023 549 distribu·
1056 473 1076 522 ¹

55 570 143 632 tione
171 570 271 646 magis
299 567 591 649 consentiendum
620 564 728 643 eadem
754 561 911 639 Wolfiaoa
934 571 1024 648 ratio,

55 664 148 738 quana
169 657 205 714 ab
228 649 353 714 Heinsio
375 650 520 716 servatam
544 647 624 712 dixi:
660 668 730 713 naar
751 650 784 715 iu
798 652 918 735 eisdem
938 656 1021 718 eodi-

56 742 162 809 cibus,
189 740 267 800 haud
289 735 375 801 secus
395 757 431 799 ac
451 738 483 800 in
503 730 667 801 Heinfiena
683 736 839 814 editione,
857 744 1023 804 occurrunt

56 825 183 888 subinde
205 822 362 904 particulae
382 833 563 895 contextos,
601 838 672 902 quae
690 822 805 887 nullam
822 826 943 889 numeri
968 821 1023 888 ritt-

57 923 119 973 tam
150 910 298 991 adjetiotn
325 907 455 982 ltubent3
498 906 568 969 aiibi
590 924 664 968 vero
696 922 732 969 eu
753 926 824 989 para
852 922 1020 975 contextus

56 987 243 1072 Euchiridii,
287 1013 357 1076 quae
373 994 479 1076 juntta
504 1012 522 1055 a
550 990 710 1072 Simplicio
730 1006 797 1058 erat
812 1012 855 1057 ac
877 1015 934 1078 pro
955 1013 1019 1060 uno

56 1079 164 1160 Capite
185 1080 305 1152 habita,
325 1082 365 1142 in
385 1084 447 1143 duo
468 1078 519 1141 vel
538 1077 625 1161 plura
644 1075 768 1159 Capita,
797 1079 852 1142 suo
873 1076 1020 1167 quodque
1094 1144 1098 1153 ,

57 1179 186 1228 numero
208 1164 403 1247 insignitum,
445 1164 537 1229 divisa
559 1162 612 1227 eli.
670 1166 741 1241 Qua
760 1164 792 1226 in
813 1164 1019 1248 discrepantis

56 1249 313 1334 consutioneque,
346 1272 387 1313 ne
404 1270 502 1335 novas
520 1265 583 1329 ego
606 1248 710 1312 turbes
730 1249 813 1312 ciere
834 1253 913 1316 velle
935 1254 1019 1317 vide·
1031 1276 1034 1281 ·
1047 1305 1062 1342 ,Ἢ

57 1357 124 1409 rer,
146 1334 394 1401 consultiffimurn
415 1336 504 1407 duxi,
526 1334 667 1397 eumdem
685 1339 943 1402 numerandoruru
963 1338 1020 1402 Ca·
1072 1367 1088 1415 χ

56 1424 154 1505 piturn
184 1422 352 1498 rationem,
399 1442 460 1504 qua
488 1416 631 1493 Heinsius
645 1439 720 1484 cum·
744 1418 864 1485 Wolfio
882 1424 952 1489 usus
965 1423 1020 1498 eii,
1056 1434 1060 1440 ’
1088 1434 1094 1481 ¹.

55 1521 179 1583 tenere;
218 1508 261 1571 it'a
293 1509 435 1592 quidem,
482 1520 517 1571 ut
546 1506 585 1568 ad
628 1523 781 1590 quemque
823 1500 1021 1572 Heinsianum
1089 1524 1092 1529 ·

56 1593 307 1677 Woilianumque
330 1613 491 1657 numerum
509 1589 597 1655 simul
618 1610 690 1656 eum
719 1594 915 1673 adnotarem,
955 1613 1018 1677 quo
1135 1622 1140 1629 ·

56 1680 139 1743 idem
163 1692 255 1761 copnt
274 1679 323 1743 vel
348 1681 432 1742 idem
460 1679 652 1759 segmentum
674 1679 708 1740 in
727 1678 826 1743 nostra
849 1678 1019 1743 Euchiridii

56 1766 196 1828 editione
225 1760 401 1845 instgnitum
430 1764 481 1827 eli.
545 1760 644 1825 Simul
673 1780 748 1825 vero
775 1763 867 1827 haud
883 1766 1019 1829 alienum

57 1848 164 1932 putrui
193 1850 363 1925 adnotare,
410 1850 520 1930 quibus
552 1846 689 1909 numeris
715 1849 822 1912 eedem
852 1848 959 1929 Capita
986 1852 1020 1913 in

57 1933 169 1998 nostris
194 1935 353 1996 codicibus
381 1933 458 2014 Arg.
485 1940 519 1995 et
557 1929 606 1995 Pa.
635 1924 773 1997 diliinsta
807 1930 913 1997 essent.
970 1935 1021 2012 Et,

57 2020 205 2103 quoniam
222 2018 254 2080 in
274 2018 335 2080 hoc
354 2035 456 2095 eram,
490 2016 634 2079 adnotavi
652 2011 739 2078 simul
761 2019 930 2092 rationem,
960 2036 1022 2100 que

57 2103 91 2167 in
106 2105 174 2165 aliis
188 2103 281 2164 etiarn
294 2102 473 2177 codicibus,
492 2100 545 2184 qui
565 2100 721 2180 integrum
733 2100 935 2165 Errchiridion
948 2123 1022 2166 con·

57 2192 148 2253 tinuo
170 2199 279 2251 tenore
301 2188 463 2261 exhibent,
484 2182 621 2249 distinstv
641 2184 747 2267 Capita
765 2186 881 2252 essenis
905 2186 1022 2254 scilicet

57 2276 91 2337 in
113 2275 221 2335 codice
239 2269 456 2353 Argentinenfi
476 2271 565 2334 initio
584 2269 765 2347 voluminis,
790 2290 880 2355 quom
903 2282 1021 2354 partem

56 2379 141 2424 nunc
162 2370 235 2421 nota
259 2360 325 2423 ΑΑ.
349 2359 387 2421 ab
409 2357 519 2433 altera,
560 2375 651 2439 quem
684 2356 944 2441 Arpinfigoivt,
975 2362 1021 2426 dt-

57 2446 210 2525 stinguere
231 2442 346 2525 placuit
353 2464 364 2518 ς
388 2453 453 2506 turn
467 2445 498 2505 in
514 2443 563 2505 re.
578 2440 688 2521 Ples.
711 2442 744 2507 dt
763 2444 818 2525 Pg.
836 2444 885 2526 (ln
905 2447 960 2528 Pg.
977 2457 1020 2511 ta-

58 2551 127 2593 men
145 2548 341 2593 numerorum
356 2539 441 2593 notae
452 2545 515 2592 uon
537 2527 615 2593 ultra
627 2527 701 2591 iilud
718 2542 810 2611 ceput
822 2531 1022 2611 progrediun-

58 2628 119 2687 tur,
140 2618 222 2697 quod
239 2616 270 2678 in
283 2616 393 2677 eodem
408 2616 599 2696 codiceuota
612 2604 653 2693 ξ.
674 2612 915 2690 disrationet,
936 2622 1020 2701 quod

57 2701 221 2783 respondet
259 2700 351 2780 capiti
387 2711 497 2784 quarto
532 2700 643 2763 noiirae
671 2700 848 2780 editionis.)
904 2699 1021 2769 Poterit

57 2785 179 2849 sortasse
191 2786 311 2850 notatio
327 2785 395 2848 haec
410 2781 591 2849 diversitatis
605 2800 657 2849 aut
672 2782 884 2856 similitudinis,
903 2789 1021 2870 quaein

59 2870 340 2950 distinguendorum
369 2871 509 2953 Capiturn
533 2870 651 2933 ratione
679 2870 711 2933 in
741 2872 831 2935 variis
851 2870 1020 2938 codicibus

49 2958 198 3033 'obtinet,
237 2956 378 3020 nonnihil
403 2956 545 3018 conserte
567 2956 772 3038 adjudicium
799 2956 959 3021 serendum
979 2960 1020 3023 de

59 3043 192 3124 ipsorum
213 3043 355 3105 codicum
370 3041 577 3122 cognatione,
611 3054 673 3106 tarn
697 3042 806 3105 horum
829 3042 938 3124 quibus
959 3062 1019 3107 noa
1055 3102 1057 3107 .

59 3126 114 3209 ipsi
134 3125 176 3190 uli
198 3126 315 3201 sumus,
353 3147 444 3212 quarn
466 3126 612 3201 aliorum,
652 3146 731 3209 quos
753 3126 876 3208 posthac
897 3126 1019 3191 sortasse

59 3214 219 3276 excutient
235 3213 290 3273 viri
311 3212 415 3288 dosii,
453 3212 507 3295 qui
527 3212 713 3292 expoliendo
733 3212 806 3276 huic
831 3211 938 3276 libello
954 3230 1019 3296 par·

59 3308 125 3361 tern
155 3298 284 3380 aliquam
307 3314 389 3361 curae
412 3296 472 3361 suae
501 3296 654 3359 voluerint
671 3298 813 3360 tribuere.
865 3294 1017 3380 Denique.
1124 3359 1127 3365 .

59 3383 144 3467 quod
174 3382 206 3444 in
232 3379 323 3461 ipsius
345 3381 515 3447 Euchiridii
542 3382 679 3447 editione
706 3387 851 3446 adnotare
871 3383 1018 3466 neglexe-

58 3478 344 3627 siclinis?
366 3465 675 3632 is‘iiisriisii
696 3463 835 3633 iiiiii
853 3468 1017 3645 'sitiisse

58 3640 91 3704 id
111 3638 169 3700 hac
190 3637 348 3700 occasione
369 3637 518 3716 supplevi:
547 3641 629 3718 quod
653 3656 693 3699 eo
717 3638 889 3718 conducet,
909 3649 945 3705 ut
963 3640 1017 3703 sci-

58 3736 90 3786 at
110 3721 239 3798 lector,
262 3735 410 3805 quatenus
427 3725 457 3783 in
474 3721 629 3788 Varietete
644 3720 824 3796 Lentonis,
844 3726 882 3787 n'd
903 3725 1016 3789 Euchi-

57 3805 159 3871 ridion
181 3830 198 3869 a
219 3809 308 3871 nobis
330 3819 428 3888 nuper
448 3807 609 3889 congelle,
638 3803 770 3888 quisque
789 3828 828 3870 ex
850 3808 913 3871 iliis
932 3806 1017 3871 codi-

57 3895 145 3957 cibus
171 3895 203 3956 in
232 3914 321 3956 unam
348 3895 514 3959 alteramve
538 3904 660 3977 partem
682 3894 737 3961 vei
755 3889 853 3977 poliri
868 3892 1040 3955 sedisne·

51 3980 134 4059 beri,
160 3979 209 4043 vel
219 3999 282 4044 non
298 3979 401 4065 pellit.
1006 4047 1016 4063 ,

511 4069 544 4140 N
563 4086 586 4137 2
958 4049 1089 4113 ssim&
