2422 4328
123 196 186 274 138
266 210 587 257 unxerunt
623 212 1076 259 nucnrnrnron

162 418 168 429 .
254 360 342 429 CAP.
362 358 512 427 XXXIV·
560 362 666 436 [Nobis
686 370 752 442 Cap.
770 366 872 425 xxtx.
895 382 910 420 α
932 362 1023 443 seqq]

122 529 243 617 Efficax
268 530 471 617 confiderurrdi
493 530 681 611 exemplam,
703 528 778 613 quid
803 548 919 613 quaque
939 531 978 597 in
992 550 1046 607 rt,
1067 550 1159 619 qaam

353 631 449 717 fimus
470 627 663 717 nggrrffiuu',
684 631 819 695 arridere
829 632 922 721 poffit.

226 816 287 887 vis
307 814 462 913 Olympia
485 818 633 885 vincere?
653 815 694 882 Et
714 836 804 909 ego,
826 839 883 911 ptr
907 816 1015 901 Deos,
1036 819 1161 915 magni.

123 918 228 993 ficum
250 920 337 991 enim
360 916 415 994 ell.
441 914 505 989 Seri
528 912 694 988 conlidera
712 922 746 987 dt
768 920 855 988 initia
873 922 907 991 dt
927 912 1162 1015 consequentia,

127 1042 222 1121 atquc
258 1026 300 1091 ita
325 1048 394 1093 rem
423 1018 608 1117 aggredere.
676 1022 815 1117 Oportet
835 1022 914 1091 bene
936 1016 967 1091 le
991 1018 1162 1108 inllituere,

129 1118 305 1199 necessariis
326 1120 425 1207 vesci,
451 1124 606 1195 abstinere
637 1119 872 1208 condimentis,
893 1126 1033 1195 exerceri
1052 1120 1093 1196 ad
1110 1150 1163 1199 ne·

129 1224 321 1312 cellrtatcm,
343 1224 383 1299 ad
407 1221 619 1325 praescriptam
632 1231 766 1313 horam,
797 1233 831 1297 in
854 1224 945 1307 aellu,
974 1220 1162 1327 infrigere,

129 1326 282 1429 frigidam
299 1355 367 1402 nou
391 1330 516 1415 bibere,
543 1356 610 1401 non
633 1335 763 1415 viuum,
807 1326 893 1401 liita
913 1325 993 1401 ferat
1014 1356 1083 1419 rete
1117 1349 1165 1403 tu·

130 1454 204 1507 tum
225 1452 254 1505 te
268 1430 403 1533 denique
418 1429 572 1532 praefedlo
593 1430 670 1531 ipfi,
692 1457 750 1504 ceu
764 1429 912 1517 medico,
934 1430 1073 1507 tradere:
1094 1454 1166 1507 turn

130 1544 167 1612 in
196 1556 356 1609 certamen
382 1532 529 1637 prodire,
578 1532 797 1609 &interdum
830 1562 965 1607 manum
997 1536 1167 1625 vulnerari,

132 1641 235 1716 tulum
268 1636 475 1737 distorqueri,
501 1636 637 1711 multam
658 1642 783 1737 hapheu
804 1636 979 1739 deglutire,
1004 1638 1166 1713 interdum

132 1770 212 1817 vero
233 1749 269 1816 dt
291 1741 463 1843 flagellari3
538 1740 624 1845 lique
651 1744 719 1815 haec
747 1749 857 1815 omnia
881 1737 1030 1843 superari.
1104 1746 1166 1815 Hir

132 1845 379 1935 animadverlir,
427 1844 487 1920 fia
512 1850 578 1919 huc
599 1849 664 1931 ria,
700 1848 751 1918 abi
774 1866 946 1919 certatum:
981 1844 1029 1917 lin
1050 1850 1167 1931 minus,

132 1951 229 2027 inliar
261 1977 435 2053 puerorum
462 1948 588 2050 deges,
634 1953 688 2050 qui
719 1976 806 2024 nunc
833 1948 1005 2050 palaellritae
1040 1945 1168 2035 ludunt,

132 2084 221 2133 nunc
251 2053 463 2157 gladiatores,
486 2082 572 2127 nunc
594 2055 669 2127 tulta
697 2073 831 2138 canunt,
874 2078 955 2127 rnox
976 2050 1167 2151 tragoedum

133 2182 244 2261 egunt
319 2165 363 2231 lta
387 2167 421 2233 dt
442 2178 475 2230 tu
504 2186 591 2231 nune
617 2158 749 2244 athleta,
777 2183 863 2229 nunc
882 2154 1057 2256 gladiator,
1080 2184 1168 2229 nunc

134 2283 263 2344 orator,
300 2288 389 2333 nunc
414 2256 638 2359 philosophum
663 2280 733 2333 toto
753 2286 831 2331 vero
850 2268 962 2333 animo
987 2258 1087 2332 nihil:
1112 2254 1167 2331 sed

134 2364 223 2439 velut
245 2361 377 2449 limius,
397 2362 547 2463 quicquid
563 2368 683 2448 cernis,
705 2367 856 2450 imitaris;
878 2364 1025 2463 aliudque
1044 2388 1085 2437 ex
1105 2363 1168 2437 elio

135 2468 195 2541 tibi
216 2464 327 2565 placet.
371 2469 450 2538 Non
470 2470 556 2537 enim
578 2493 654 2549 curn
670 2464 943 2540 animadverfione
957 2493 1028 2538 rem
1044 2460 1169 2566 aggres-

136 2568 190 2645 sut
210 2588 261 2655 es,
281 2594 385 2670 neque
422 2564 703 2669 circumspedlans,
742 2564 796 2641 sed
817 2591 956 2654 temere,
975 2576 1009 2643 dt
1031 2596 1089 2668 per
1114 2566 1169 2642 fri·

138 2672 254 2779 gidam
268 2671 485 2774 cupiditatem.
511 2675 564 2744 Sic
585 2672 728 2745 nonnulli
752 2701 852 2773 quum
873 2670 1101 2775 philosophum
1122 2678 1170 2753 in·

139 2795 286 2863 tueatur,
306 2796 359 2850 aut
380 2802 480 2879 quum
504 2803 522 2848 a
546 2772 698 2877 quopiam
723 2776 872 2862 audiunt,
920 2782 1004 2850 liene
1024 2782 1168 2849 Socrates

137 2878 238 2965 dicit,
257 2887 293 2954 dt
314 2886 369 2982 qui
392 2879 493 2979 potest
516 2877 621 2953 dicere
644 2902 679 2951 ut
700 2879 779 2953 illc?
806 2881 965 2954 volunt&
984 2877 1043 2980 ipli
1064 2877 1170 2953 statim

139 2977 367 3088 philosophari.
378 2988 494 3058 Homo
504 2982 672 3058 ,conlitlera
682 2989 952 3084 primo,quaena1n
965 2982 1170 3083 autqualirlir

140 3116 179 3164 ea
208 3114 257 3163 rea
304 3115 381 3162 uam
402 3085 601 3189 aggrederis:
628 3085 743 3159 deinde
760 3106 907 3159 naturam
931 3110 1018 3161 tuam
1033 3082 1172 3167 consule.

141 3212 251 3267 utrum
268 3116 302 3265 id
318 3194 452 3267 tolerare
461 3190 567 3293 polita.
588 3196 645 3265 Vis
658 3186 719 3263 elie
732 3191 886 3277 latrator,
905 3212 959 3264 aut
972 3189 1172 3292 pentathlus?

141 3293 257 3395 Aspice
273 3299 400 3372 brachia
419 3316 489 3379 tua,
506 3290 608 3395 aspice
621 3295 761 3379 lumbos,
783 3288 885 3391 aspice
904 3292 1038 3368 femora.
1074 3289 1172 3367 Aliud

142 3405 232 3473 enim
240 3399 306 3472 aliia
321 3420 432 3500 aptum
446 3400 539 3472 rebus
547 3421 657 3471 natura
672 3398 900 3497 parentlargita
912 3398 968 3472 cli.
993 3406 1046 3472 lln
1060 3418 1090 3469 te
1100 3422 1172 3469 ceu·
1203 3442 1207 3449 ·

141 3500 210 3589 ses,
233 3501 416 3594 hujusmodi
425 3506 517 3576 rebus
529 3500 721 3584 lludentem,
728 3500 846 3572 eodem
855 3500 958 3574 modo
975 3498 1056 3573 vesci
1072 3494 1174 3599 polle,

143 3602 265 3681 eodem
279 3604 383 3679 modo
402 3628 519 3707 potum
531 3602 668 3690 sumere,
687 3602 805 3699 codem
819 3604 923 3679 modo
937 3603 1039 3691 iral'ci,
1053 3602 1174 3676 eodem

121 3725 124 3731 '
142 3706 250 3787 modo
264 3718 430 3785 moerere?
454 3711 595 3810 Vigilate
603 3728 741 3808 oportet,
751 3708 905 3794 laborare,
923 3705 1174 3804 secedereapro·

143 3820 221 3915 priis
235 3815 338 3900 bonis,
354 3842 371 3886 a
379 3810 481 3913 pueris
497 3819 674 3898 contemni,
688 3811 822 3885 derideri
832 3816 872 3883 ab
880 3814 1041 3897 omnibus,
1048 3816 1178 3883 univer·

142 3915 337 3998 lia‘inrebua
357 3924 463 3995 minua
479 3923 672 3997 audonem
683 3918 858 4006 habere,in
878 3922 1053 4005 honorem
1073 3919 1178 4013 magi·

1068 4018 1177 4108 stratu,
