2422 4328
248 208 305 283 188
395 226 564 273 norm
608 226 678 270 nn
722 224 1070 276 s1nr1³n1e1r

161 391 215 451 a·4
327 372 405 463 epit
419 382 509 451 volae
523 374 708 463 α’νθρνννης
731 368 808 460 ζωῆς
821 373 943 461 α’ριτῆν.
986 384 1032 446 ad
1042 383 1198 465 cujasnam

178 462 194 503 ⁸
244 467 317 528 nita
336 464 476 531 humanu
496 468 649 529 virtatem.
715 464 835 543 Nempe
858 466 915 527 tria
933 464 1049 543 statuit,
1072 480 1107 533 ut
1127 490 1198 539 mox

242 550 418 633 intelliges,
440 552 561 613 vivendi
571 568 700 631 genera,
723 568 794 633 quan
809 548 890 631 sequi
904 551 1025 629 potiunt
1038 554 1199 621 hominen:

240 654 354 713 unum,
386 656 471 699 mere
489 636 635 713 animale,
668 636 752 717 quud
774 634 1003 699 veraehnminis
1017 650 1137 704 naturae
1156 640 1199 705 ri.

240 722 411 806 gnitatique
434 734 603 801 repugnata
619 720 765 795 alterum,
785 720 949 799 rationale,
967 736 1087 797 naturae
1103 724 1199 809 digni·

239 804 358 891 ta'tique
383 807 517 869 hominia
547 806 754 873 convenimur
778 804 876 883 (conf.
897 824 925 886 p.
956 827 985 890 3.
1010 824 1089 877 extr.
1113 808 1150 875 dt
1170 830 1201 897 p.

241 907 269 975 ς.
284 896 328 974 b.)
350 894 492 966 tertium,
514 890 669 965 divinum,
700 890 785 973 supra
807 890 941 955 hominis
964 906 1105 959 naturam
1128 896 1202 961 emi·

238 1000 327 1044 nens.
369 977 452 1042 conf.
474 996 502 1057 p.
522 994 573 1041 20.
594 978 624 1040 b.
645 976 679 1041 n
704 998 733 1040 e.
757 974 906 1048 Primun,
929 979 1004 1042 iliud
1026 980 1087 1055 est,
1116 984 1200 1067 quod

240 1068 352 1145 vulgus
391 1054 567 1127 hominum*
587 1060 737 1144 sequitur;
775 1062 843 1144 qui,
879 1081 994 1145 corpus
1038 1065 1101 1129 effe
1132 1086 1198 1149 par.

237 1159 304 1216 tem
325 1152 367 1213 sui
380 1149 603 1224 existimantes,
626 1150 762 1211 materiae
784 1147 930 1220 immersi,
957 1152 1111 1233 mancipia
1131 1172 1198 1217 enr-

234 1238 324 1321 pon‘s
346 1234 379 1299 dr
408 1232 614 1298 adfestionum
641 1234 728 1315 ejus,
766 1253 870 1295 veram
896 1234 1030 1301 huminis
1057 1248 1199 1303 naturam

233 1322 482 1403 dignitatemque
509 1337 566 1382 nec
595 1330 709 1381 norunt
727 1338 785 1379 nec
807 1329 922 1383 curant.
981 1323 1029 1389 Ad
1052 1322 1114 1387 hos
1132 1343 1199 1389 nnn

237 1409 390 1491 pertinere
419 1404 546 1469 moralia
567 1400 703 1486 Episteti
728 1414 901 1486 praecepta,
941 1424 995 1487 per
1027 1405 1057 1469 ie
1090 1420 1198 1489 patetz

236 1495 350 1577 qnippe
369 1490 421 1573 qui
442 1511 478 1554 ea
497 1510 556 1553 nee
574 1488 713 1569 capiunt,
734 1508 792 1551 nee
814 1497 930 1555 curent.
992 1492 1136 1563 Alterum
1157 1494 1199 1559 vi·

236 1580 329 1646 vendi
348 1595 574 1656 geneseorum
595 1573 654 1650 est,
673 1572 741 1657 qui,
768 1574 920 1656 propriam
947 1576 1080 1643 hominia
1111 1592 1198 1645 natu·

235 1685 301 1728 ram
319 1664 563 1744 dignitatemque
579 1660 612 1722 in
632 1661 731 1723 anima
752 1660 892 1723 rationali
911 1660 1004 1725 ineffe
1026 1682 1197 1747 memores,

234 1750 457 1815 convenienter
471 1744 613 1827 dignitati
626 1744 672 1808 isti
684 1754 800 1807 naturae
816 1744 875 1810 iuae
890 1748 1137 1828 vivereeupiunt,
1150 1749 1195 1831 n,

232 1854 304 1909 eum
313 1854 329 1898 a
338 1832 594 1913 rebuseorpnreis
602 1830 723 1913 prorsus
735 1829 795 1892 sese
810 1830 986 1894 abstrahere
999 1852 1062 1897 non
1072 1835 1195 1917 pussant,

232 1930 337 1987 tamen
359 1922 395 1984 ab
417 1918 549 1997 imperio
569 1916 710 1999 corporis
730 1912 763 1979 dr
781 1934 881 1979 rerum
895 1918 1033 1981 omnium
1052 1930 1198 1985 externa·

230 2028 299 2073 rum
328 2006 441 2071 liberos
464 2002 526 2067 sese
545 2002 685 2085 praestare
702 2000 848 2065 nituntur.
890 2003 940 2067 Ad
961 2002 1074 2069 horum
1101 2008 1194 2071 vitam

228 2096 398 2177 regendam
441 2098 633 2171 conataeque
673 2105 781 2149 eorum
810 2086 962 2169 juvandos
1006 2092 1128 2155 valere·
1150 2094 1192 2156 ait

229 2200 352 2243 morum
385 2176 546 2257 civilisque
581 2174 701 2236 virtutis
729 2183 898 2253 praecepta,
937 2174 975 2237 ab
994 2175 1142 2259 Epiiietn
1161 2181 1192 2241 in

227 2264 407 2328 Euchiridio
430 2257 591 2343 propofita.
633 2256 700 2322 Nee
720 2276 795 2321 vero
808 2258 845 2319 ad
864 2256 988 2322 tertium
1001 2279 1103 2341 genus
1119 2282 1192 2344 prae·

229 2360 319 2431 cepta
336 2349 405 2410 haee
431 2344 603 2425 pertinent,
628 2344 711 2426 quod
732 2343 854 2423 quidem
876 2344 975 2422 primo
996 2346 1096 2411 statim
1118 2348 1189 2413 luen

229 2440 456 2496 commemorat
476 2428 671 2509 Simplicium
690 2428 775 2512 quod
801 2446 909 2492 eorum
936 2428 998 2504 est,
1019 2433 1071 2514 qui
1103 2434 1188 2515 supra

226 2519 364 2581 hominis
386 2528 524 2580 naturam
545 2513 726 2579 adscendere
750 2512 838 2582 &ab
852 2514 937 2577 omni
959 2518 1101 2599 corporis
1117 2539 1189 2582 cun.

227 2605 356 2685 ragione
382 2599 502 2682 prorsus
529 2598 620 2662 soluti
637 2597 697 2665 effe
718 2598 863 2681 cupiente
904 2618 1035 2682 quorum
1051 2603 1187 2684 ipsorum

220 2688 327 2755 ,rursus
342 2688 417 2749 duas
439 2684 534 2749 veluti
554 2682 660 2748 claffes
678 2694 731 2749 ant
744 2685 824 2747 duos
847 2686 960 2765 gradun
982 2685 1072 2764 facit,
1093 2709 1189 2755 unum

224 2776 354 2857 gradum
374 2781 498 2847 eorum,
538 2770 608 2853 qui,
650 2791 668 2832 a
687 2788 904 2850 corporearum
919 2789 1020 2835 rernm
1039 2776 1186 2857 contagio

223 2859 286 2923 sese
308 2855 501 2929 abstrnsturi,
523 2855 555 2917 in
583 2856 613 2918 se
638 2851 693 2938 ipfi
711 2854 834 2939 penitus
861 2868 1098 2935 convertuntur,
1127 2860 1186 2924 ani·

224 2946 285 3009 mis
309 2943 369 3007 suis
399 2941 564 3023 purgandis
592 2940 719 3011 intentia
760 2939 888 3003 alterum
912 2941 1042 3020 gradum
1067 2964 1185 3023 eornm,

223 3050 305 3116 quos
328 3020 526 3111 θενρητνκνϋς
548 3039 657 3103 vocat,
680 3027 733 3109 qui
756 3022 826 3089 satis
851 3024 915 3109 jam
938 3026 1120 3109 purgati&
1142 3030 1185 3093 iu·

224 3136 277 3198 pra
295 3114 458 3177 humanam
476 3111 588 3174 sortem
608 3111 695 3189 elati,
717 3129 798 3173 nunc
820 3111 939 3192 prorsus
959 3111 1092 3175 divinam
1114 3134 1186 3199 age.

222 3224 258 3267 re
272 3204 383 3270 vitam,
405 3196 614 3261 &divinarum
633 3210 805 3259 naturatum
820 3195 1011 3272 ssmiles,fieri
1025 3214 1184 3266 conantur.

223 3288 296 3364 Quo
318 3289 357 3351 de
380 3303 495 3365 genere
505 3283 574 3347 vide
580 3325 591 3357 ,
612 3280 632 3344 fi
654 3283 770 3363 placet,
787 3300 856 3369 quae
873 3281 1035 3347 sarmatius
1046 3284 1085 3348 ad
1104 3284 1185 3351 hune

221 3373 328 3439 locum
348 3364 507 3452 congessit.

173 3552 192 3609 b
307 3532 380 3604 οὔτε
401 3526 453 3605 οὖν
475 3531 560 3600 reue
580 3536 629 3600 ed.
652 3535 754 3601 Heius.
779 3554 848 3600 cnm
863 3536 979 3601 msstis.
1026 3539 1187 3620 Perpetem

222 3613 311 3699 οὗτος
340 3616 392 3689 οὖν
419 3626 467 3688 ed.
497 3620 577 3687 Ven.
641 3621 715 3684 Mox
736 3623 818 3685 idem
846 3621 989 3685 Heinsius
1015 3622 1056 3686 ste
1079 3627 1187 3703 edidit,

222 3705 278 3780 aad
298 3704 362 3775 α’πδ
389 3704 451 3775 reia
480 3704 663 3784 σωματικῶν
690 3706 795 3771 παθῶν
820 3704 862 3779 εἰς
878 3700 992 3772 daveda
1020 3706 1185 3787 συννεύειν,

221 3812 357 3869 temere,
385 3797 419 3859 dr
440 3795 544 3856 invitis
569 3795 653 3856 libris
676 3794 835 3867 omnibus,
865 3793 919 3873 qui
943 3812 1014 3857 cum
1034 3796 1085 3857 ed.
1104 3795 1187 3863 Ven.

223 3878 289 3949 a'rd
304 3898 374 3945 ante
394 3878 457 3943 wir
483 3901 561 3956 σωμ.
590 3879 752 3958 ignorant,
771 3878 806 3941 dr
832 3877 944 3940 deinde
968 3874 1023 3943 neu*
1051 3890 1124 3944 ante
1144 3876 1186 3953 eit

211 3962 460 4039 devraihabent.
549 3964 632 4030 Dein
659 3958 752 4037 ’ὅλος
777 3952 873 4036 dum,
891 3963 979 4043 quud
1001 3982 1045 4023 eu
1060 3965 1194 4044 endu&

1128 4065 1206 4103 eum
