2422 4328
184 137 248 221 360
314 156 443 211 ποτε
466 158 522 202 ao
543 156 783 203 srueorcu
804 155 1053 204 contuntur.

91 322 117 375 t·
128 306 243 394 ¹⁶⁶plro
260 308 321 375 five
333 308 560 401 lququsormt
578 308 632 396 isto
650 311 778 397 monstro
798 284 948 383 re'fertor,
988 328 1009 371 a
1031 326 1098 389 quo
1117 306 1155 369 il-
1209 299 1211 366 l

126 389 141 428 ⁸
184 396 213 458 lo
242 398 386 461 devorrtr
418 392 594 477 Simplicius
620 392 672 457 ait.
727 391 789 457 Sed
818 394 887 457 vide
914 392 1025 456 rursus
1054 391 1152 473 ipsunt

126 471 144 527 Ι)
184 480 327 546 Nostrum
353 502 385 565 p.
409 478 477 557 168.
504 500 532 543 ι.
584 478 650 549 ταῖς
686 474 816 544 berarde
849 468 886 550 ἦν
914 474 960 549 eie
996 472 1059 557 rain
1089 476 1150 541 bc.

183 567 277 633 Abest
296 568 327 632 b.
348 569 369 631 l.
391 554 427 645 ἦν
445 566 478 629 in
502 567 555 631 Po.
584 566 634 629 sed
652 564 766 627 habent
780 566 922 629 'verbum
943 563 1064 645 reliqui
1084 584 1148 625 om·

182 670 240 715 nee
260 674 332 718 oum
356 653 458 717 editio.
506 647 572 722 noir
597 650 630 716 bi
657 646 783 715 δυνατδν
805 638 844 732 ile
859 642 898 715 rb
916 652 1082 721 ἐναντίους
1114 646 1148 712 Si
1187 694 1190 701 ,

183 739 252 802 ianr
273 751 364 821 atque
385 739 506 817 integra
525 736 569 800 est
589 737 657 801 haeo
678 737 837 818 scriptura,
877 736 911 798 in
929 754 992 815 quo
1021 735 1148 816 quidem

182 825 226 886 nil
254 826 370 889 variant
390 824 459 887 libri
481 822 591 897 nostri,
610 823 847 903 intelligendum
866 814 906 884 ri
924 814 1067 898 ἐνανῩΙον
1087 814 1146 883 eio-

184 906 285 975 dido
312 906 354 982 eit
381 902 438 991 τῆν
460 903 516 972 rori
543 904 678 987 iroerJr'ov
699 914 829 991 μοῖρανς
869 905 931 969 Sed
957 908 1064 983 milri,
1105 904 1171 981 bfo-¹

109 1007 114 1025 ¹
181 997 307 1077 qneotlo
329 1015 399 1058 curn
420 993 470 1057 his
489 994 591 1058 verbio
610 993 802 1070 conferenti,
828 990 871 1056 uti
893 1012 932 1054 ue
954 992 1057 1056 visum
1082 1001 1148 1054 erat

178 1079 362 1143 intercidisse
378 1076 537 1153 nonnihil,
562 1076 622 1146 scil.
640 1085 758 1157 μένον
785 1011 984 1156 ttoevltrrt
1002 1075 1066 1143 hio
1083 1079 1150 1143 sen·

178 1165 293 1242 tertii,
332 1183 389 1250 qao
416 1163 505 1247 patto
524 1164 598 1248 fieri
623 1169 734 1252 potest,
769 1174 804 1229 at
824 1165 936 1227 molum
961 1166 995 1229 ir
1019 1176 1149 1245 partem

178 1249 247 1314 botri
264 1252 446 1323 intraverit,
471 1245 510 1315 δ’
530 1258 628 1315 tomen
647 1254 758 1316 molum
778 1248 945 1333 manserit?
981 1247 1022 1315 Θ
1042 1258 1150 1315 tameo

178 1354 235 1397 non
261 1334 376 1419 deflerit
402 1335 513 1400 malum
542 1332 619 1419 effe?
662 1336 873 1416 ἐνδέχεται
899 1327 1069 1410 σκότος,
1105 1347 1148 1400 tt·

177 1420 287 1484 nebrot
306 1421 466 1492 admittim-
494 1423 559 1492 vel,
591 1420 724 1500 praeiens
748 1420 925 1501 profuturo
945 1419 1149 1501 accipiendo,

178 1506 319 1570 tenebras
337 1509 485 1572 admittet.
534 1507 652 1570 Placuit
671 1508 850 1586 ἐνδέχεται,
877 1508 961 1588 quod
981 1506 1072 1569 dedit
1095 1505 1147 1570 Pa.

177 1589 291 1655 Creteri
313 1612 383 1655 curn
407 1590 498 1655 editis
518 1591 685 1670 ἐδέχετο
711 1594 839 1666 habent,
877 1592 961 1671 quod
988 1591 1147 1674 adjectam

174 1667 220 1743 niv
239 1677 414 1756 particulam
437 1675 639 1752 doiiderabat,
678 1699 737 1741 neo
759 1679 801 1740 iu
829 1678 996 1739 commode
1024 1692 1145 1742 oonte-

177 1760 283 1827 nlebnt
303 1783 374 1826 cum
395 1762 498 1827 futuro
523 1763 632 1839 irrue,
668 1767 751 1846 quod
773 1762 928 1842 praecedit.
979 1758 1056 1842 οὐχ)
1087 1758 1146 1829 καὶ

179 1841 318 1927 oiviqroo.
368 1848 549 1913 Particulem
578 1843 648 1919 tei,
685 1870 754 1931 quae
779 1851 883 1911 oberat
909 1845 1025 1929 vulgo,
1053 1870 1146 1913 com·

178 1936 272 1996 rnode
303 1936 416 1999 dedere
444 1935 535 2000 Menti
565 1940 641 2017 Arg.
672 1935 722 1997 Pa.
748 1934 799 1999 Pb.
829 1942 905 2012 puto
924 1931 959 1997 δι
983 1933 1035 1999 Pe.
1080 1935 1145 1999 Pro

178 2015 306 2101 ἀνόητον
335 2039 428 2097 vero,
471 2041 629 2102 perperam
655 2014 804 2084 oibo'roror
831 2019 923 2083 babet
951 2016 1001 2081 Pa.
1062 2023 1173 2103 μηδὲ,

177 2100 307 2171 durarit
334 2098 367 2172 iv
396 2101 524 2170 edroi
550 2108 772 2188 περιγενέσθαι.
816 2100 959 2168 ἑαυτοῦ
984 2103 1016 2169 b.
1042 2105 1061 2168 l.
1088 2111 1145 2170 da·

176 2192 249 2253 bant
270 2211 398 2266 ornnes,
432 2191 506 2254 editi
527 2191 705 2275 scriptiquet
732 2190 822 2295 quod
842 2190 913 2253 terri
935 2190 1022 2252 nullo
1044 2190 1143 2274 padio

176 2277 293 2355 potuit,
326 2276 376 2341 sed
397 2277 475 2339 houd
499 2278 642 2341 dublein
662 2274 758 2341 αὐτοῦ
780 2274 840 2339 fnit
861 2278 1042 2339 mutandum
1064 2298 1142 2342 cum

176 2362 242 2425 viro
262 2359 356 2426 doilo
378 2362 409 2423 in
430 2361 508 2441 Vpo.
559 2359 756 2445 ἀγένητον
778 2360 813 2426 dt
831 2361 862 2425 h.
885 2360 906 2423 l.
928 2357 962 2424 &
983 2363 1141 2427 monite.

174 2464 262 2520 rum,
286 2459 319 2509 ut
339 2447 432 2520 alibi,
458 2448 631 2512 constanter
651 2449 781 2513 scribunt
800 2445 927 2509 codices
947 2446 1043 2509 nostri
1063 2469 1141 2513 cum

175 2530 224 2593 ed.
245 2530 323 2598 Ven.
346 2528 512 2612 α’γέννητον
533 2536 582 2600 ed.
608 2534 711 2601 Heius.
735 2533 815 2601 Vide
836 2535 872 2595 ad
893 2551 922 2614 p.
942 2545 992 2611 24.
1013 2553 1044 2596 o.

80 2706 167 2776 nard?
259 2696 314 2765 oriar
341 2704 517 2774 instruc,
552 2701 594 2764 ul
626 2698 721 2778 γαῖάν
747 2699 867 2766 eribo.
924 2699 1005 2767 Vide
1026 2701 1139 2786 Odyff.

117 2791 132 2830 ⁸
175 2778 205 2847 α’.
230 2799 279 2865 54·
322 2784 357 2849 Iu
383 2789 432 2850 ed.
463 2790 541 2853 Ven.
569 2785 603 2851 δι
628 2792 717 2851 codd.
741 2782 978 2851 poenicei.
1029 2790 1138 2853 ἑκεί-

172 2878 259 2940 abac
280 2869 433 2946 scribitur,
454 2867 487 2933 dt
508 2891 581 2934 mox
600 2873 670 2936 dein
692 2870 872 2946 ὁποίους,
892 2870 1054 2953 rursusque
1074 2870 1137 2936 orl-

173 2950 265 3027 roo'r
284 2948 453 3037 νομίζουσιε
480 2976 544 3020 noo
566 2959 645 3022 male
669 2960 781 3040 perse,
804 2957 947 3043 quoniam
973 2958 1138 3041 utriusque

172 3042 297 3122 generis
327 3043 370 3104 est
397 3062 512 3105 nomen
544 3051 626 3107 utun.
681 3044 742 3108 Sed
771 3047 914 3127 quoniam
942 3042 1036 3107 iidem
1065 3044 1138 3110 libri

173 3148 283 3192 omnes
303 3129 335 3190 ln
355 3128 559 3191 foemininum
579 3129 637 3206 ol,
678 3150 740 3212 quo
768 3131 859 3192 etiam
881 3127 1037 3192 Homerus
1062 3131 1137 3197 usus

172 3216 233 3291 est;
254 3213 465 3277 consentiuntt
489 3215 575 3278 tenni
596 3219 752 3287 ἐκείνας
772 3215 804 3278 &
823 3207 947 3285 adroic
968 3216 1000 3277 in
1021 3215 1135 3280 foemi.

171 3300 262 3377 nino,
303 3298 561 3382 quemadmodum
581 3299 723 3364 Heinius
746 3302 858 3375 edidit3
896 3297 1005 3380 &pro
1027 3294 1135 3376 ὁποῖός

170 3408 236 3455 τις,
280 3388 362 3467 quod
390 3384 492 3448 nescio
523 3406 585 3467 quo
610 3406 713 3450 errore
742 3387 901 3467 legebatur
929 3386 961 3446 in
991 3385 1134 3467 ejusdem

170 3467 286 3531 Heinlii
306 3470 461 3545 editione,
483 3463 621 3543 ὁποίας
642 3496 688 3543 τις
708 3471 815 3553 scripti.
858 3473 982 3535 Poterat
1004 3472 1134 3552 quidem

171 3555 341 3617 minoribus
363 3556 455 3616 etiarn
478 3559 656 3637 ambagibus
675 3580 724 3621 res
744 3557 872 3636 confici,
913 3548 998 3619 alin
1018 3558 1048 3620 ol
1066 3580 1134 3623 mu·

171 3641 282 3716 tando,
318 3645 399 3719 quod
423 3639 541 3706 Wolfio
563 3645 732 3723 placuerat:
769 3643 837 3716 sed,
870 3652 904 3706 ut
925 3643 1005 3719 dixi,
1039 3643 1072 3706 in
1097 3639 1131 3709 oti

171 3724 238 3788 libri
260 3724 452 3787 consentiunt
474 3728 511 3789 ad
534 3746 629 3790 unum
650 3748 775 3805 omnes;
816 3727 851 3792 dt
870 3720 986 3798 ἐκείνας
1006 3748 1134 3812 quoque

170 3811 204 3873 in
223 3810 392 3872 foeminino
419 3811 531 3874 habent
554 3815 680 3876 codices
701 3814 793 3877 nostri
813 3817 889 3896 Arg.
914 3812 947 3877 &
973 3814 1023 3876 Pb·
1049 3813 1083 3878 δι
1107 3818 1131 3881 ii

87 3934 89 3938 ·
170 3901 280 3980 quibua
300 3895 342 3961 ub
363 3895 431 3960 lunt
458 3897 516 3962 viri
534 3898 620 3965 doili
647 3897 681 3962 iu
705 3899 807 3968 Vlrab.
827 3900 864 3963 bt
889 3899 1026 3979 Vnabod.
1071 3905 1131 3964 Pro

1038 3973 1151 4047 bmolur,
