2422 4328
189 178 252 259 388
310 190 439 237 nosse
461 162 1077 241 unsrueurcrrcorrnrrsere.'

102 344 311 427 proruente
332 334 411 408 dere*
430 332 493 405 eois
513 330 637 417 οἱλὸνων
656 329 793 418 ἄρχεται
813 334 932 403 ποδοῖν
953 350 1027 413 eret
1052 346 1086 405 in
1106 339 1163 405 edd
1200 372 1203 379 ·

136 435 151 472 ¹
191 433 371 515 scriptisque
395 427 505 489 nostrie
520 426 681 498 omnibus3
703 422 774 497 ubi,
800 442 1002 507 quemquem
1027 428 1111 491 heud
1128 426 1165 491 in·
1194 447 1195 450 ’

190 518 369 599 frequenter
395 512 471 576 eliis
498 504 566 577 ιι’το“
591 529 647 592 pro
675 502 737 573 ν’πδ
759 504 943 589 usurpeturn
963 531 985 575 e
1010 508 1165 594 Simplicio
1192 561 1197 582 ς

189 605 344 677 vidimus,
363 610 467 662 temen
487 598 545 660 hee
565 597 597 659 in
617 591 813 659 connexione
832 592 1067 661 soloecismum
1088 596 1166 661 issum

191 707 257 753 non
279 686 434 767 scriptori,
463 682 513 745 sed
534 681 681 753 librariis,
708 678 906 743 tribuendum
928 684 1068 759 putavi,
1100 694 1165 747 ten·
1203 744 1208 753 ,

190 790 360 859 peroreque
378 770 453 831 mihi
473 786 537 829 non
557 766 646 849 potui
668 765 740 847 quin
763 782 834 827 cum
853 764 983 833 Wolfio
1008 760 1093 835 ω’τδ
1109 787 1165 831 cor.

176 848 340 941 'rigerem
383 847 451 919 α’τέ
477 873 558 921 τινος
587 844 742 933 ἄρχεσθαι
771 846 857 913 sonet
882 851 1023 933 incipere
1049 854 1093 927 cd
1117 856 1165 921 asi·

218 966 276 1016 νο,Ι
307 935 368 1005 riee'
386 954 475 1009 ’τινος
500 927 670 1019 ἔρχεσθαι,
705 935 830 1017 insperso
846 934 983 1017 otimjus
1003 934 1061 1023 effi
1076 936 1165 1023 seebje.

137 1024 156 1063 ⁶
197 968 284 1094 sltem
346 1016 567 1107 terruissent
596 1022 709 1083 dedere
738 1020 873 1105 quinque
898 1021 1000 1085 nostri
1031 1023 1166 1096 codices,
1206 963 1211 1074 i

195 1112 280 1195 quod
315 1122 427 1189 praeter
460 1104 667 1169 necessitatem
697 1107 731 1169 in
763 1096 998 1187 ἐπιτήδειαι
1037 1109 1167 1173 muterit
1206 1081 1211 1226 s

197 1192 358 1265 Heinsius3
398 1212 469 1255 cum
491 1190 525 1255 dr
552 1191 604 1253 elii
623 1188 821 1273 probetisiimi
842 1188 1012 1273 scriptores
1041 1195 1168 1275 generis
1208 1231 1211 1322 p

108 1278 374 1345 P·²⁰³communie
402 1278 519 1341 fuciunt
537 1276 568 1338 id
589 1295 712 1339 nomen.
757 1271 958 1359 α’μέριοτα
989 1280 1075 1342 bene
1104 1299 1170 1343 cor·

142 1354 159 1391 ²
196 1367 277 1431 rexit
297 1363 401 1428 Heius.
420 1383 492 1427 curn
514 1361 612 1429 Wolf.
652 1361 814 1442 Perpetem
833 1357 1005 1443 α’μέριοται
1020 1365 1072 1427 ed·
1090 1362 1169 1431 Ven.
1210 1373 1211 1376 ’

198 1472 271 1516 cum
292 1449 415 1521 Msstis,
458 1448 511 1528 qui
531 1458 634 1509 temen
663 1466 773 1511 omnen
796 1446 827 1508 in
849 1441 990 1530 ταρὸν7α
1016 1449 1169 1514 consenti·

199 1549 266 1603 unt.
315 1533 381 1597 Peri
411 1536 524 1607 modo,
561 1531 653 1613 penio
680 1530 826 1605 inferius,
860 1530 1169 1611 μεταδιδοῖμονιι

200 1620 285 1686 reste
309 1621 422 1682 dedere
445 1616 514 1683 libri
535 1616 647 1687 nostris
673 1616 723 1680 ubi
743 1635 901 1699 perpetem
922 1614 1169 1697 μοτοιδιδόμενον

201 1726 267 1771 non
288 1704 385 1769 solum
409 1701 458 1765 ed.
478 1702 558 1767 Ven.
585 1701 732 1775 habebnt,
759 1701 822 1765 sed
841 1702 933 1765 etiem
954 1702 1107 1769 Heinsius
1125 1717 1169 1769 te-

113 1799 166 1856 'tr
203 1800 319 1856 oneret.
364 1781 540 1853 ieredoie
565 1784 664 1868 scripsi
694 1806 764 1851 oum
788 1786 841 1851 Pi.
867 1785 900 1857 ,ds
930 1788 977 1855 Pi.
1029 1791 1100 1857 Alii
1125 1794 1168 1855 e'e

201 1872 304 1943 ποδό
314 1898 345 1957 ν,
368 1892 427 1937 nec
448 1874 487 1937 id
508 1872 597 1940 mele.

149 2060 167 2098 θ
268 2040 327 2113 ‚ss
353 2038 440 2130 e’pdse
469 2042 534 2119 ἔέτι
568 2037 619 2108 deci
648 2040 715 2107 reri
740 2050 802 2115 τοι”ς
832 2043 937 2123 φίλοις
964 2038 1053 2127 ἤμων
1092 2040 1169 2109 οὕτω

201 2130 384 2216 Ιινοχρῆοθαι.
435 2132 599 2214 Perpetem
617 2130 683 2211 posi
703 2124 767 2203 ἔέπι
786 2127 933 2211 pnnsiurn
955 2144 1081 2210 ponunt
1102 2132 1170 2195 edd.

203 2220 382 2301 scriptique:
427 2214 647 2299 (multiplicato
678 2215 771 2278 etiem
807 2232 928 2284 errore.
977 2209 1048 2296 ἥξοι
1078 2215 1170 2283 hebet

203 2306 253 2369 ed
283 2300 377 2379 Ven.)
405 2300 516 2364 deinde
544 2294 594 2365 διιῖ
620 2295 739 2364 τοῦτο
765 2304 828 2371 τοῖς
855 2297 986 2363 hebebet
1012 2302 1064 2367 ed.
1088 2300 1169 2367 Ver.

205 2387 291 2471 quod
313 2398 424 2449 tenens
447 2383 610 2462 Heinsius,
637 2384 708 2446 dein
729 2376 809 2449 orico
829 2388 893 2448 dei
907 2382 1088 2466 κεχρῆσθαι
1108 2388 1170 2451 edi·

205 2474 267 2547 dit,
301 2478 459 2553 praeeunte
481 2469 613 2537 Wolfio.
660 2470 705 2533 At
733 2466 775 2533 dei
794 2470 939 2552 ignorent
959 2483 1085 2535 veteres
1102 2472 1170 2535 libri

204 2574 335 2630 omnes;
365 2552 399 2617 δι
420 2546 469 2615 ssd
490 2551 560 2634 rjori
582 2561 645 2625 rost
664 2554 778 2617 dedere
798 2556 875 2639 Arg.
897 2555 944 2617 Pe.
966 2554 1020 2619 Pb.
1042 2558 1086 2621 Pi.
1109 2577 1170 2641 qno

93 2658 96 2663 ·
203 2639 323 2725 posito,
357 2637 524 2719 deletoque
547 2639 613 2718 post
632 2636 696 2711 ἔξω
722 2636 855 2719 pensio,
888 2638 974 2703 reite
1004 2645 1115 2705 omnie
1142 2641 1172 2705 se

206 2728 328 2788 hebent.
378 2720 400 2784 α’
408 2719 450 2803 φ’
478 2718 563 2803 ἡμῶν
589 2719 631 2794 εἰς
659 2719 771 2797 ον’τοως
798 2719 958 2803 γινόμενοι.
1002 2726 1172 2809 Perperene

116 2808 362 2893 prosilientis
382 2806 489 2871 Msstss
509 2802 561 2888 ἐφ’
583 2801 667 2889 eineis
687 2810 799 2873 debent
820 2812 890 2872 edd.
927 2806 1088 2893 πρωτείων
1118 2836 1171 2875 τι.

151 2905 166 2942 ⁸
207 2887 364 2978 πρωτείων
409 2891 448 2954 δε
489 2890 537 2959 Pe.
595 2887 633 2963 uic
669 2892 795 2979 ioorp'i
829 2880 1171 2979 τίαροιχωροδντα.

205 2980 302 3046 Penio
321 2976 516 3041 commodius
540 2977 637 3042 videri
655 2976 744 3060 possit
774 2982 857 3063 qood
878 2981 922 3044 est
937 2983 969 3043 in
989 2984 1040 3045 ed.
1062 2982 1171 3048 Heius.

206 3062 246 3139 oie
268 3068 388 3132 ἑαντοῒο
409 3060 692 3146 παραχωροῦντας,
720 3066 791 3144 quie
812 3066 989 3144 praecedunt
1007 3068 1174 3148 pronomi-

79 3192 82 3197 -
206 3174 247 3217 ne
267 3149 391 3233 pluralis
416 3151 552 3223 numeri,
579 3144 682 3231 ἡμῶν,
717 3146 892 3233 ἡμετέροις,
925 3146 1025 3235 incia:
1062 3151 1116 3216 sed
1138 3154 1171 3217 id

206 3239 330 3321 quidem
352 3233 441 3295 Mssti
462 3235 573 3314 pariter
592 3253 702 3296 omnes
725 3237 889 3316 ignorent,
931 3240 984 3319 qui
1016 3237 1051 3299 in
1073 3238 1105 3299 id
1126 3238 1173 3321 ip-

206 3327 289 3395 sum,
319 3317 403 3405 quod
424 3318 511 3391 dedi,
542 3318 748 3391 consentiunt,
790 3320 827 3383 In
847 3340 910 3385 uno
932 3324 976 3387 Pi.
1000 3322 1088 3405 prius
1110 3344 1172 3387 πα·

203 3399 425 3490 ραχωρούντων
452 3402 568 3479 fueret,
607 3406 658 3468 sed
687 3404 718 3466 id
737 3406 769 3467 in
796 3405 1043 3490 παραχωροῦντα
1071 3420 1172 3472 mute·

204 3506 288 3567 tum,
322 3490 406 3574 quod
426 3498 533 3552 tenent
554 3490 672 3573 reliqui.
719 3488 871 3565 Corrupte
899 3488 938 3562 oie
958 3488 1079 3555 dessein
1107 3515 1170 3556 τα-

203 3572 426 3659 ραχωρούνπων
452 3575 499 3634 ed.
519 3572 600 3639 Ven.
621 3575 705 3653 quod
736 3578 770 3638 iu
801 3572 841 3647 oie
868 3579 988 3649 ἑαυτοῖς
1014 3600 1171 3659 repexo·

145 3671 166 3729 b
203 3654 335 3745 possesne
366 3659 542 3720 mutandum
562 3656 699 3726 Wosfius
726 3660 893 3730 censuerat.
977 3660 1089 3743 χρωσρῗ
1119 3656 1172 3727 ὅν-

203 3769 274 3816 τως.
310 3747 384 3809 Aur.
408 3740 508 3805 Germ.
534 3743 574 3809 vs.
595 3761 624 3851 p
674 3738 729 3828 Mei
757 3740 780 3807 δ’
805 3746 943 3832 ἔχθαιρε.
980 3743 1034 3829 Μή
1061 3744 1085 3809 d'
1112 3747 1171 3828 ἐχ.

202 3834 303 3915 spesve
331 3828 377 3894 Pe.
418 3828 501 3890 'Mox
529 3828 562 3891 in
589 3853 692 3894 essee
709 3830 909 3897 'consentiunt
938 3838 1030 3896 Mssti
1060 3834 1169 3901 nostri.

195 3919 362 4005 Perpetem
396 3912 489 3981 serere
526 3916 578 3981 ed.
614 3914 697 3985 Ven.
722 3917 810 4003 ¹quod
835 3918 872 3979 iu
897 3911 1009 3985 οὔνεκα
1034 3920 1176 4055 meppeyip

1107 4016 1187 4054 tm.
