2422 4328
131 245 202 292 nx
245 241 993 309 aoa1r1an1vansrorra.
1041 249 1106 317 147

68 394 123 485 id,
147 393 236 498 quod
259 391 413 478 declinat,
435 391 564 479 incidit,
585 395 670 472 male
690 396 735 470 all
762 392 948 475 fortunatus.
998 406 1032 475 Si
1051 429 1097 476 or·

66 528 113 600 go
134 496 198 573 sola
212 497 376 586 declinas,
404 524 473 598 quaa
494 516 607 597 praeter
624 525 739 573 eorum
753 521 899 573 naturam
923 502 1009 589 lunt,
1029 533 1100 605 quaa

65 611 100 676 in
122 624 152 676 ta
176 602 265 686 sunt,
289 627 455 701 nunquam
468 610 502 673 in
514 599 548 673 id
563 600 684 674 incides
697 599 786 704 quod
794 599 975 681 declinabis.
1003 611 1098 682 Mor·

67 709 147 781 num
167 729 275 780 antem
303 703 503 803 fidealines‚
522 727 580 776 aut
600 696 762 790 mort'em,
797 725 852 777 ant
872 720 1120 808 paupertatem*

67 812 155 885 nsale
175 807 353 881 fortunatus
381 813 451 883 eris.
528 804 629 881 Aufer
658 815 756 907 igitur
783 804 1032 885 declinationem·
1058 816 1115 897 ab.
1169 899 1174 911 Ι

63 915 237 998 omnibus,
275 939 346 1010 qua
369 936 437 984 non
458 907 529 984 lunt
550 918 585 985 in
606 913 719 1000 nobis,
760 937 894 1014 eamque
908 902 1042 989 transfer
1065 923 1100 993 in

62 1044 122 1103 ea,
145 1045 214 1117 quae
238 1033 349 1115 praeter
370 1040 483 1087 eorum
503 1012 648 1088 naturam
665 1011 737 1090 sunt
759 1041 830 1115 quae
849 1021 884 1089 in
906 1021 999 1092 nobis
1011 1015 1101 1096 sunt:
1138 1107 1147 1116 ,

63 1127 243 1221 appetitum
268 1143 347 1191 vero
377 1125 504 1217 penitus
533 1125 568 1193 in
590 1116 752 1218 prasentia
772 1115 872 1193 aufer.
950 1124 984 1198 si
1009 1124 1120 1201 enim

64 1232 185 1325 appetis
210 1249 279 1324 qnae
301 1226 334 1295 in
357 1222 450 1295 nobis
471 1217 649 1313 nominat,
683 1225 722 1295 ab
746 1220 854 1321 aliquo
877 1248 991 1298 eorum
1013 1232 1099 1305 exci·
1175 1264 1177 1269 ·

63 1327 120 1401 das
142 1323 265 1401 nocella
291 1323 353 1398 est:
374 1344 529 1423 quantum
550 1351 628 1398 vero
648 1350 780 1411 eoruns,
804 1352 875 1426 qua
896 1322 1023 1403 suntin
1040 1357 1098 1404 no·

62 1434 136 1514 bis,
181 1450 329 1530 appetere
352 1425 518 1526 expediat,
560 1426 709 1503 nondum
730 1432 787 1503 tibi
811 1428 943 1501 conllat.
1018 1433 1098 1510 Solo

63 1541 161 1609 animi
184 1552 301 1620 conatu
320 1553 374 1603 aut
394 1537 583 1630 avocatione
598 1553 687 1607 utero
713 1532 844 1624 leviter,
869 1539 904 1610 ἀ
922 1559 998 1611 cum
1025 1529 1099 1640 sup·

60 1642 245 1742 putatione,
269 1642 304 1710 dt
324 1632 459 1717 sensisse.
701 1632 707 1642 “
941 1634 944 1640 ’

329 1831 825 1954 mmmmm

192 2021 344 2110 Quomodo
368 2019 533 2087 tranando
556 1989 624 2107 qum
640 2025 671 2086 io
695 2022 792 2087 Nobis
812 2046 871 2089 noo
885 2023 973 2108 sarsi.

164 2184 203 2253 In
222 2200 418 2278 unoquoque
438 2199 571 2260 eoram,
594 2203 664 2279 quae
684 2196 738 2247 aut
759 2173 1018 2273 deledlant‚jaut
1034 2184 1098 2273 ¹uti·

60 2282 366 2381 innammabant,
385 2297 442 2351 aut
462 2276 658 2378 diliguntur,
692 2298 860 2352 memento
886 2278 1098 2370 confidente,

60 2389 155 2488 quale
175 2382 208 2457 id
229 2381 367 2484 quidque
388 2380 452 2467 ell,
496 2387 690 2483 incipiente
717 2386 870 2454 minimis.
939 2386 973 2455 si
989 2384 1096 2458 ollam

60 2492 183 2590 diligis,
202 2486 272 2574 dic,
292 2487 393 2573 ¹ollam
408 2484 528 2585 diligo:
549 2480 587 2559 eit
605 2490 695 2579 enirn
708 2478 827 2570 fracti,
847 2511 915 2559 non
933 2489 1095 2585 perturba·

61 2596 151 2668 beris.
200 2595 232 2664 Si
255 2589 359 2663 filium
377 2607 469 2661 tuum
492 2615 598 2676 amas,
643 2608 699 2662 aut
725 2613 879 2675 uxorem,
901 2586 952 2660 dic
974 2607 1005 2662 te
1034 2596 1093 2667 ho·

60 2701 186 2778 urinam
204 2691 353 2792 diligere:
373 2709 505 2767 rnortuo
524 2698 629 2781 enan,
653 2719 722 2767 non
748 2693 992 2793 perturbaberis

297 2908 830 2995 ·fflmfflmm

58 3069 212 3160 Quomodo
231 3069 411 3155 proparari
434 3068 466 3135 in
485 3062 649 3133 artioribus
662 3073 820 3148 oporteat,
839 3064 1089 3150 aspersorium.

139 3239 143 3243 .
226 3191 262 3235 ot
275 3189 431 3240 vacemusr
445 3189 482 3234 ac
492 3169 605 3250 nmmo,
621 3187 680 3248 per
687 3168 925 3232 Meditatioaem.

158 3329 271 3424 Qum
291 3347 361 3396 rem
382 3325 570 3423 quampiam
593 3315 794 3420 aggreli'urns
816 3345 867 3404 es,
895 3314 1008 3419 redige
1034 3323 1093 3394 tibi

56 3436 94 3506 ia
113 3432 326 3511 memoriam,
372 3424 549 3524 qualisnam
577 3450 614 3497 ea
642 3449 691 3495 res
713 3421 763 3496 lit.
793 3468 798 3476 ·
833 3425 867 3496 Si
890 3419 995 3501 lotum
1013 3426 1096 3510 abis..
1186 3486 1194 3492 .

55 3559 210 3637 praepone
232 3532 290 3603 tibi
309 3554 503 3629 quacunque
525 3533 560 3600 in
579 3524 809 3613 balneolum,
832 3530 1020 3615 irrorantes,
1042 3535 1092 3599 in-

55 3645 198 3740 quietos,
230 3636 462 3718 conviciantes,
498 3627 665 3720 furantes3
714 3651 808 3733 atque
832 3635 876 3703 ita
904 3635 998 3704 tutius
1020 3655 1091 3701 rem

54 3739 260 3841 aggredieris.
319 3738 353 3807 Si
375 3753 481 3809 autem
495 3737 649 3808 continuo
665 3731 768 3821 dicas,
788 3734 885 3806 lavari
900 3733 994 3817 volo,
1014 3755 1091 3830 pro-

54 3845 261 3947 pofitumque
286 3865 419 3926 arcura,
448 3832 546 3939 ¹qnod
570 3832 745 3910 secundum
765 3857 910 3910 naturam
931 3833 993 3918 eli,
1030 3827 1096 3927 ser·¹
1127 3834 1131 3838 ’

54 3975 148 4041 aare,
173 3955 249 4024 &in
267 3966 454 4048 quacunque
479 3966 514 4014 re
538 3938 696 4028 fimiliter,
718 3965 786 4015 nou
804 3939 959 4042 pascalis.
1013 3938 1091 4010 Hoc
1194 3954 1196 3959 ·

600 4047 679 4165 Μ·
756 4048 758 4054 ’
1021 4040 1126 4108 §dm
