2422 4328
196 218 258 287 194
319 220 452 267 norm
475 218 531 262 au
555 218 790 265 srmnnncrr
810 220 1043 267 commutor.

111 399 138 451 p·
160 392 177 445 7
195 372 314 437 chiridii
330 370 568 435 commentitiis
582 366 729 447 Simplicii
746 370 902 434 interserta
918 370 1087 447 exhibent,
1106 372 1153 435 ini-
1196 381 1199 445 ³,

133 457 149 493 ¹
196 462 243 523 tio
269 459 437 523 voluminis
465 462 623 535 integrum
649 458 851 520 Enclriridion
872 460 1026 521 continuo
1056 474 1156 523 tenore

195 544 380 625 descriptum
409 544 461 607 est.
520 544 582 605 lam
604 542 708 623 quodfi
735 562 846 605 omnes
866 542 910 605 ilii
933 544 1070 607 Codices
1090 542 1157 607 Sint·
1176 564 1203 623 ‘j

196 632 322 715 pliciani
347 630 517 695 insessione
541 638 698 693 contextus
723 628 912 691 constantem
933 630 1100 711 quamdam
1121 650 1155 689 rr
1202 659 1204 701 5

197 720 319 781 tionem
339 730 500 787 tenerent,
526 736 565 777 ex
585 736 643 795 que
666 716 797 793 intelligi
821 713 937 793 posset,
957 716 1052 797 quale
1067 712 1157 779 suisset

199 802 378 883 exemplum
400 820 463 883 quo
486 800 547 881 ipse
568 802 644 863 olim
663 800 734 863 nius
760 798 834 863 eli'et
854 798 1053 881 Simplicius:
1094 820 1158 865 oon·

200 890 377 951 senteneum
406 888 513 967 utique
541 898 605 947 erat
635 886 789 958 futurum,
830 888 918 947 utin
948 887 1008 949 hac
1029 886 1159 951 editione

201 971 504 1037 commentitiorum
531 968 681 1052 Simplicii
716 969 953 1035 exhibuissemus
984 974 1082 1035 verbo
1107 970 1160 1047 uo
1195 973 1200 991 ¹

203 1058 323 1121 chiridii
344 1060 453 1117 eodem
480 1056 625 1137 exemplo
645 1070 813 1137 concepto,
846 1058 936 1141 quale
957 1069 1031 1119 ante
1057 1058 1160 1119 oculos

203 1140 339 1206 habuisse
359 1142 558 1221 interpretem
585 1142 667 1205 huuc
686 1142 846 1205 constaret.
897 1138 976 1219 Sed,
1004 1162 1102 1225 quem
1121 1160 1161 1223 pr·

203 1247 273 1291 rum
301 1228 383 1289 inter
412 1226 443 1287 se
470 1227 661 1289 consentiant
688 1228 813 1291 istorum
838 1227 981 1291 codicum
1004 1226 1164 1299 teutones,

206 1312 378 1393 cognoscet
396 1312 446 1395 qui
472 1312 606 1375 voluerit
622 1334 661 1375 ex
684 1312 843 1377 Vorietare
866 1308 1022 1375 {millonis
1053 1314 1089 1378 in
1117 1312 1164 1375 cri·

205 1399 269 1461 tica
287 1396 388 1459 nolito
407 1396 544 1461 editione
557 1398 594 1461 ed
607 1400 751 1481 quodque
765 1397 932 1461 Euchiridii
949 1408 1043 1479 capnt
1056 1418 1099 1461 ex
1114 1399 1165 1461 eis·

206 1486 279 1547 dent
293 1482 378 1546 libris
398 1482 553 1563 congesta.
595 1482 667 1558 Quo
688 1484 824 1561 recedit,
845 1486 928 1567 quod
943 1502 983 1545 ex
1007 1482 1072 1567 ipsa
1093 1482 1164 1549 Sim·

207 1569 294 1649 plieii
321 1568 575 1647 interpretatione
599 1587 831 1651 nonnumquam
856 1568 991 1649 intelligi
1022 1569 1168 1643 rideatur.

206 1650 342 1717 irsbuili‘e
362 1653 445 1717 bunc
462 1656 662 1733 interpretem
682 1656 723 1716 ob
751 1655 861 1717 oculos
883 1652 1052 1717 iesiionem
1071 1656 1168 1718 direr-

207 1738 271 1803 sanr
290 1740 329 1803 eb
347 1758 402 1812 ea,
429 1758 525 1822 quarn
550 1736 657 1817 iidem}
670 1760 798 1813 omnes,
827 1759 914 1821 quos·
932 1738 1021 1811 dixi.
1043 1739 1169 1803 codices

206 1820 312 1889 lindie
324 1824 480 1889 exhibent.
528 1822 637 1900 Quare·
651 1842 724 1889 cum
746 1822 962 1905 ‹lesperaffenm
1000 1822 1171 1889 Euchiridii

206 1924 390 1975 contextum
413 1913 525 1973 eodem
545 1908 666 1991 prorsus
689 1912 856 1991 exemplo,
901 1928 964 1991 qno
993 1906 1171 1991 Simplicior

207 1996 280 2061 usus
301 1995 393 2069 esset,
419 2016 439 2057 e
460 1996 620 2061 codicibus
640 1996 750 2061 nostris
772 1994 856 2076 posse
879 1994 1047 2075 componi:
1081 1996 1171 2059 talen

206 2082 259 2147 hic
276 2083 554 2163 repraesentandum
574 2082 696 2165 putori,
729 2082 849 2165 qualem
873 2080 906 2143 lu
924 2076 1018 2159 ipsius
1033 2079 1170 2145 Euchiri·

205 2168 250 2231 dii
272 2169 411 2229 editione
425 2167 547 2241 critica,
568 2168 690 2230 nolletis
710 2168 790 2231 inter
814 2166 845 2229 se
866 2165 1009 2227 omnibus
1029 2166 1171 2231 codicum

208 2250 414 2327 husonibus,
442 2252 688 2315 constituendum
707 2248 931 2333 judicaviliemr
965 2250 1103 2315 diversus
1123 2270 1168 2315 on·

209 2346 275 2397 tem
303 2334 473 2411 bustiones,
519 2356 594 2417 quas
619 2336 794 2401 obtulissent
826 2334 936 2415 linguli
966 2338 1096 2398 codices
1121 2356 1171 2399 no·

210 2418 281 2489 liri,
328 2420 372 2481 nli
398 2438 478 2502 opus
506 2418 566 2483 eise
595 2421 761 2487 existimosi
786 2442 826 2485 ex
850 2424 958 2485 eadern
988 2418 1043 2482 ille
1073 2422 1172 2485 noun

210 2503 349 2567 editione
376 2504 438 2567 hoc
467 2504 541 2566 loco
570 2518 717 2588 repetere.
772 2510 822 2571 Ad
850 2502 1092 2573 distributionem
1120 2506 1171 2573 Co·

209 2592 307 2673 pisum
334 2590 417 2671 quod
445 2590 578 2653 adtinet:
615 2590 683 2653 sunt
704 2591 827 2675 quidem
855 2604 889 2655 et
912 2592 944 2653 in
968 2590 1064 2653 editis
1086 2606 1122 2655 et
1141 2595 1171 2657 in

209 2670 421 2753 manuscriptis
449 2674 533 2737 libris
553 2676 696 2740 omnibus
724 2679 788 2759 pori
818 2680 914 2741 modo
945 2694 999 2755 per
1021 2676 1172 2755 Simplicii

208 2758 458 2823 Commenturios
494 2760 667 2824 distributae
700 2782 802 2845 partes
840 2761 1025 2837 Euchiridii;
1063 2761 1118 2825 sed
1143 2765 1172 2825 in

209 2845 348 2908 editione
373 2842 494 2907 Veneta
520 2858 552 2908 et
570 2848 601 2908 in
623 2850 711 2916 codd.
735 2852 784 2915 Pb.
815 2848 864 2913 Pe.
888 2861 920 2909 et
940 2848 984 2911 Pi.
1007 2847 1103 2911 nullis
1123 2868 1173 2911 nu·

208 2930 307 2997 meris
324 2930 461 2995 diliindio
482 2933 582 3011 capita
604 2932 680 2997 sunt.
728 2934 764 2997 ln
788 2932 950 2997 Heiusronu
970 2950 1045 2994 vero
1065 2935 1175 2997 editic-

208 3037 267 3089 ne‚
308 3017 346 3077 od
373 3018 513 3079 eamdem
548 3020 677 3096 partium
706 3018 873 3082 Euchiridii
909 3036 963 3097 per
997 3018 1174 3081 uniuersum

208 3101 471 3167 Commentarium
506 3101 753 3167 distributionem
794 3104 926 3165 adhibita
959 3101 1003 3165 est
1033 3104 1173 3185 Cupitum

207 3193 437 3271 partiendornm
457 3192 765 3275 ntrmeraudorumqur
786 3194 868 3253 rouo
891 3210 946 3265 ea,
972 3206 1032 3269 qna
1054 3187 1111 3253 suo
1132 3189 1174 3255 sea

209 3288 244 3335 re
270 3274 397 3337 arbitrio
425 3270 559 3336 Wnllius
583 3276 696 3338 instra
733 3276 869 3337 editione
897 3273 1071 3338 Euchiridii
1104 3274 1174 3337 usos

209 3371 289 3420 crat:
310 3378 373 3441 quo
393 3354 508 3419 sosium
531 3358 601 3431 ess,¹
619 3372 654 3422 ut
676 3360 834 3423 nonnullae
853 3372 1021 3422 contextus
1043 3362 1173 3440 particu'·

208 3443 265 3519 lae,
286 3461 362 3524 quas
386 3442 423 3501 sb
444 3443 500 3503 alis
517 3442 703 3525 separaverat
725 3444 917 3527 Simplicius,
938 3442 1025 3504 nullo
1046 3446 1175 3526 proprio

207 3548 338 3591 numero
354 3526 586 3607 infignirentur3
608 3530 677 3592 aliae
692 3544 816 3607 contra,
839 3551 914 3611 quus
928 3528 1107 3610 Simplicius
1129 3532 1173 3593 in'·

208 3624 257 3677 tet·
278 3614 477 3696 sejunxerat,
504 3613 546 3688 in,¹
560 3616 623 3678 duo
647 3617 696 3678 vel
716 3618 800 3696 plura
819 3621 924 3695 Cupite
947 3617 1175 3693 dirimerentur,

208 3716 340 3781 quorum
368 3699 512 3779 quodque
546 3699 600 3761 suo
630 3721 761 3765 numero
787 3704 1032 3781 distingueretur.
1096 3700 1176 3765 Sunt

210 3804 284 3847 vero
313 3784 408 3845 etiarn
436 3786 468 3845 in
495 3783 616 3849 duobus
648 3809 665 3848 e
687 3790 847 3850 codicibus
870 3784 980 3848 nostris
1004 3784 1176 3865 Simplicio

168 3925 170 3929 ,
208 3871 258 3933 nis
284 3868 416 3951 (nempe
437 3869 469 3931 in
492 3869 569 3951 Arg.
592 3882 626 3931 et
653 3875 684 3935 in
708 3872 777 3952 Par.)
800 3875 858 3936 liris
882 3870 1178 3937 numerisdiliiufis

203 3957 327 4040 Capitet
348 3954 400 4023 sed
428 3953 489 4038 ita,
512 3968 546 4022 ut
574 3959 720 4042 pertitio,
740 3979 834 4042 uuam
851 3959 890 4021 ni
903 3955 1033 4019 codices
1046 3956 1178 4036 semrom

918 4079 921 4083 -
968 4084 973 4093 .
1132 4056 1198 4105 nur„
