2422 4328
203 214 945 288 'annna‘rrnnsrnoan1m
1052 208 1091 289 ¹5

572 381 629 452 ΙΙΙ.
695 388 699 397 ’

82 484 153 595 Ad
170 500 414 616 omnem·igitur
427 504 619 611 asperiorem
648 503 806 612 speciem,
861 537 956 612 quarn
971 515 1091 613 cogita·

81 630 135 703 tio
144 644 197 698 tua
212 622 271 697 irbi
284 621 396 716 fingit,
422 614 603 690 affuefacito
619 634 667 702 te,
693 621 784 688 utin
805 637 959 716 promptu
975 618 1032 688 tibi
1053 614 1093 688 sn

26 768 29 772 ·
57 729 61 739 ’
82 737 128 806 ita
150 732 305 801 continuo
329 719 498 815 subjicere:
524 714 628 809 visum
648 745 682 791 ee
708 724 827 791 animi:
862 714 916 792 sed
945 723 1091 804 minime,

81 829 173 936 quod
187 827 321 918 vileris,
345 853 389 898 es.
461 821 572 896 Postea
592 849 662 895 rem
682 820 724 896 ad
740 827 804 895 ,hae
826 823 950 922 regular
981 823 1104 915 exiget

81 939 206 1012 Utrum
227 937 262 1005 in
283 935 321 1009 iia
341 930 434 1001 rebus
452 921 592 999 versetur
607 952 644 997 ea
661 930 813 1025 cogitatio
827 923 895 1014 (seu
907 922 1093 1026 speciesco-

81 1041 297 1143 gitationituae
312 1031 456 1125 oblatae)
476 1028 589 1102 nostrae
602 1025 927 1129 potestatisubjedlim
952 1053 994 1098 an
1016 1045 1094 1107 vero

81 1144 203 1219 alienis.
221 1135 320 1238 Qod
332 1133 360 1225 si
370 1141 403 1208 in
416 1132 527 1205 alienis
542 1159 614 1204 eain
629 1128 741 1205 versari
749 1137 922 1232 percipias,
942 1134 1094 1228 inprom-

79 1266 138 1350 ptu
154 1242 208 1332 fit,
234 1243 322 1315 illam
336 1237 420 1312 nihil
437 1235 480 1309 ad
494 1254 525 1308 te
540 1241 680 1308 attinere.
729 1246 902 1310 Memento
916 1240 1095 1332 (praeterea)
1170 1232 1177 1247 '

80 1334 283 1451 appetitionis
296 1341 331 1417 id
347 1335 409 1415 etse
425 1337 627 1440 propositum
640 1334 720 1427 (five
734 1336 1095 1438 eampostulrtionemc)
1115 1380 1117 1384 >

79 1446 118 1526 bt
128 1445 328 1552 consequaris
345 1441 435 1549 quod
448 1448 588 1546 appetite
632 1433 833 1515 aversationis
849 1454 957 1515 autem
970 1462 1094 1616 piriopog

804 1573 809 1583 ¹
924 1620 927 1625 ,
1011 1562 1094 1630 tum,

81 1766 214 1823 Preeunte
237 1759 389 1822 casaubono
407 1756 421 1817 d
444 1764 570 1818 trellum
604 1779 652 1819 nec
666 1762 755 1827 νίκαν,
775 1762 900 1827 liram,
920 1763 1020 1829 πενίαν,
1051 1756 1095 1817 sed

81 1838 163 1906 vulgo
179 1833 317 1896 edebatur,
332 1831 402 1900 quod
439 1851 466 1886 er
479 1833 503 1886 se
515 1834 571 1900 quiq
603 1833 679 1897 idaco
719 1830 975 1900 domnamaria„
993 1831 1096 1886 rursus·

77 1907 138 1960 dein
156 1900 386 1957 commodissimum
398 1849 482 1970 alberi
497 1898 573 1953 debe·
603 1913 653 1970 que
669 1874 745 1956 iidem
758 1916 783 1953 a.
798 1918 819 1954 ν.
834 1910 863 1967 'q.
878 1914 934 1971 cap,
950 1902 996 1969 36,
1011 1913 1033 1963 5.
1041 1913 1094 1954 non

29 1992 33 2005 ¹
78 1973 135 2026 bat·
185 1969 417 2039 At'Gloitovluse
435 1968 571 2022 cod.Med.
605 1963 796 2031 οἶςὲκκλίνεκε,
813 1969 855 2021 sed
865 1961 896 2028 ὦν
913 1968 1094 2021 ἐκκλίναείὶι·

80 2032 103 2111 ᾧ
125 2041 249 2090 ἐκκλίνειν
274 2035 402 2106 protulit.
436 2034 514 2103 idque
536 2035 570 2088 ob
604 2035 696 2088 benc·
724 2041 762 2090 At
778 2035 827 2090 hoc
840 2035 945 2103 quidem
959 2035 1095 2104 posteriori

79 2106 231 2178 precedent
241 2102 323 2172 ἐκείνῳ
336 2101 438 2166 „vetius
453 2119 478 2155 et
488 2103 519 2155 ad
527 2113 571 2154 cu·
604 2103 662 2156 loco
675 2119 729 2157 non
742 2105 819 2159 modo
832 2104 912 2158 codex
925 2105 996 2158 Med.
1004 2119 1096 2156 vetunt

80 2173 206 2242 „stodiam
214 2170 336 2241 graeeismi
348 2170 572 2237 suevius⁴‘ludica·
605 2171 681 2226 etiam
704 2173 878 2227 Parisrensrurn
905 2168 1095 2240 probatillimue
1143 2220 1145 2225 ,

79 2245 128 2298 'vit
179 2241 239 2307 „Sic
260 2240 327 2293 enim
349 2239 437 2292 solent.
456 2239 574 2306 (inquit.)
599 2256 623 2309 p.
651 2241 809 2307 comeditis
834 2241 930 2303 inicis
955 2237 1095 2297 consentite

78 2313 163 2369 Etiam
182 2310 266 2365 noster
288 2325 342 2378 cap.
360 2310 401 2377 36.
422 2306 570 2377 neprainipr
603 2309 726 2379 idemque
739 2310 822 2375 codex
832 2326 857 2380 p.
873 2311 935 2365 licet
953 2306 1029 2364 initio
1048 2322 1096 2377 cap

80 2379 119 2436 oie
138 2380 291 2433 ἐκκλίνενκ.“
307 2403 343 2417 -
377 2380 434 2444 Ego
457 2374 568 2440 vero‚li
601 2387 626 2442 ’4.
639 2394 699 2431 curn
718 2395 745 2436 n.
759 2397 779 2432 o.
816 2376 921 2448 ,μόνων
939 2393 1038 2439 teneat,
1058 2393 1118 2433 te»

79 2451 191 2529 vulgata
203 2496 206 2501 .
218 2447 349 2516 scriptura
372 2444 465 2512 reliqui
489 2443 568 2499 nostri
601 2461 660 2499 rnen
673 2460 733 2501 mox
746 2395 842 2503 ibidbm
856 2464 915 2503 curn
931 2453 981 2504 Me.
993 2446 1062 2503 Med.
1071 2462 1096 2502 et

80 2513 418 2585 codicesadstipularenmr,
431 2512 570 2568 fateordu·
602 2515 661 2569 edd.
683 2517 711 2569 in
732 2516 768 2570 rol
781 2516 851 2584 παρά
867 2517 959 2584 φύσιν,
996 2533 1053 2571 turn
1067 2516 1095 2570 in

77 2588 225 2651 bitarururn
251 2597 291 2636 ine
315 2580 406 2646 soille,
442 2581 569 2636 servandi-
602 2583 689 2647 νόσον,
706 2585 733 2637 in
745 2586 871 2650 θάνατον,
891 2601 917 2638 er
931 2589 1017 2640 πενίαν
1032 2601 1096 2639 con.-

80 2649 334 2724 'negraecilmicaullb
350 2650 494 2719 adoptando
508 2650 568 2704 effer
604 2651 686 2706 sentit.
721 2655 797 2709 Vnde
835 2654 951 2710 robabile
968 2655 1014 2718 fit,
1033 2670 1096 2707 con·

81 2726 235 2795 scripturae
250 2719 388 2775 Gronovio
409 2720 573 2799 commenda·
607 2720 774 2775 structionem
798 2672 869 2777 ilbnn
898 2740 958 2777 cum
980 2722 1096 2793 genitivo

81 2810 116 2848 ta.
152 2786 215 2847 Ati
233 2789 338 2859 quidem
352 2802 464 2857 quatuor
482 2789 571 2842 Parrsr·
605 2791 704 2843 nonnisi
721 2809 752 2844 ex
767 2790 914 2862 sequiorum
928 2789 1097 2847 librariorum

81 2859 179 2916 nilibri
197 2876 251 2914 non
270 2855 426 2928 agnoscunt,
460 2855 502 2910 sed
517 2860 573 2925 elue
606 2858 912 2926 soloecousuinlibroe‚
968 2879 1016 2916 uos
1030 2861 1095 2923 dixi,

80 2932 140 2985 loco
159 2921 191 2983 ori
209 2943 312 3001 ponunt
328 2942 432 3006 omnes,
463 2924 573 2980 verburn
606 2924 728 3006 invalilse.
778 2934 812 2984 Et
832 2928 881 2983 hoc
903 2879 1008 3011 quibem
1027 2932 1096 2993 loco,

39 3019 42 3025 ¹
81 3001 207 3052 ἐκκλίνειν
235 3013 295 3051 cum
320 2996 435 3066 genitivo
457 2993 573 3048 constru·
605 3011 704 3066 inquo
726 2998 868 3062 versamur,
904 3005 922 3052 ll
937 2992 956 3069 ᾧ
971 3000 1098 3054 statuatur

81 3081 159 3122 entes.
209 3067 289 3139 Qtod
308 3063 390 3135 ipsum
409 3063 515 3133 speciem
528 3062 573 3116 ali·
607 3064 943 3135 antiqunfuilleetgenuina
955 3066 1098 3137 Paraphre·

80 3144 161 3208 'quam
172 3137 228 3189 veti
240 3132 365 3195 habebat,
386 3148 440 3186 non
453 3132 572 3201 equidem
606 3132 648 3187 stae
660 3132 738 3188 nostri
745 3134 885 3204 scriptura,
903 3154 933 3193 eo
942 3135 1043 3191 facilius
1051 3134 1098 3190 fie-

82 3204 154 3287 quod
166 3203 201 3257 ira
215 3203 348 3257 ususferat
361 3216 506 3272 gracorum
520 3217 572 3252 me·
606 3201 776 3273 ripomerar,
812 3219 843 3258 ut
861 3204 906 3259 suo
920 3221 992 3259 more
1005 3206 1099 3276 geniti·

80 3274 155 3328 lrorie
173 3272 400 3342 adscriptorum,
418 3287 448 3323 ac
462 3268 573 3341 philosof
604 3288 668 3326 vum
682 3269 861 3328 substituerent
872 3271 988 3337 librarii,
1026 3273 1097 3343 quod

81 3341 197 3419 phorum
209 3340 365 3409 prasertim,
381 3357 396 3393 a
410 3337 571 3410 quibuscum
606 3356 633 3396 et
666 3356 759 3412 parurn
789 3340 921 3399 familiaria
947 3342 1097 3398 hominibus

82 3409 227 3483 accusativo
241 3409 331 3478 utique
346 3409 458 3463 construi
467 3407 572 3462 solitum
606 3407 658 3464 illis
680 3426 735 3464 erar
747 3408 885 3465 atticisrnus
903 3410 948 3465 iste
974 3417 1059 3482 ἐκείνῳ
1077 3402 1097 3482 ᾧ

81 3481 110 3535 ld
124 3477 231 3533 verbum
244 3476 378 3540 novimus;
394 3477 436 3532 sed
451 3478 523 3547 quod
537 3477 572 3530 ita
605 3481 745 3545 ἐκκλίνειν,
779 3493 805 3535 et
822 3479 893 3548 quod
910 3481 973 3536 aliis
994 3497 1098 3552 quoque

25 3558 31 3573 ’
81 3548 154 3619 loqui
173 3547 261 3602 solitus
280 3545 362 3598 rideri
380 3560 482 3616 poterat
494 3552 572 3601 Para·
605 3548 677 3602 haud
697 3564 757 3603 raro
779 3548 895 3604 consulas
910 3547 942 3605 ab
955 3550 1001 3606 illo
1016 3548 1098 3604 horni-

82 3616 197 3689 phrastea
211 3614 304 3668 noster.
337 3615 405 3667 Nam
420 3615 508 3671 rursus
524 3615 573 3669 ini·
605 3634 670 3671 num
691 3633 784 3686 genere
809 3619 912 3674 vocales
933 3641 951 3673 ω
968 3611 999 3675 ἐτ
1018 3614 1096 3674 acob

82 3687 121 3741 tio
138 3702 166 3740 ca
185 3690 193 3737 ζ
214 3684 263 3752 seq.
281 3680 358 3735 iidem
378 3699 489 3750 quatuor
503 3685 573 3739 Pari·
607 3685 752 3757 figurarum
766 3686 956 3743 similitudinem
966 3690 1096 3742 novimus.

81 3755 129 3810 lini
161 3757 166 3769 '
186 3756 210 3811 ri
224 3766 278 3806 nort
292 3753 360 3819 pore
373 3753 510 3822 ἐκκλίνῃκ,
530 3753 572 3808 sed
605 3755 675 3827 (Pari
689 3769 778 3810 errore
791 3755 857 3812 infra
874 3773 896 3811 c.
910 3772 950 3829 30,
966 3755 1098 3826 aproni

81 3824 183 3894 μόνων,
215 3819 347 3876 scribuntt
378 3830 511 3887 tumtrnox
526 3820 572 3876 ibi·
607 3818 667 3877 νίκαν
679 3821 758 3879 babet
772 3830 823 3879 κοί
842 3817 908 3879 alnae.
918 3825 999 3880 codex
1018 3842 1043 3894 p.
1063 3829 1097 3882 Et

81 3895 142 3947 dein
169 3909 222 3949 tres
241 3905 311 3945 certe
329 3906 355 3943 tt.
368 3890 394 3942 le.
413 3906 444 3954 tq.
466 3907 518 3944 non
534 3890 571 3945 ro*
604 3893 1096 3967 teorodprolevrqilrabetcod.neap,

80 3961 152 4030 '⁸⁸20'
165 3963 258 4030 Φῦίίίν
283 3957 325 4017 sed
338 3960 387 4035 ”il
400 3958 470 4028 ²⁰9²*
482 3958 571 4055 '9⁹⁴⁶sp
606 3974 645 4029 ¹5·
654 3962 686 4032 3.)
695 3964 786 4049 lttque
803 3959 1138 4068 eamlcrinxnrarnbssk
