2422 4328
257 204 315 279 ¹88
405 221 574 269 nonan
618 222 687 267 nn
732 220 1079 274 srnannrnu

251 546 427 628 intelliges,
449 548 571 609 sinendi
581 566 710 627 genera,
733 566 803 629 quae
818 546 899 629 sequi
914 550 1035 628 poffunt
1047 552 1210 619 homines·

249 650 364 709 unum,
395 652 480 695 mere
498 632 644 709 animale,
677 634 761 714 quod
784 633 1146 703 veraehnminisuaturae
1166 640 1210 705 di.

249 717 420 801 gnitatique
443 730 613 798 repugnata
629 717 774 791 alterum,
794 717 958 797 rationale,
976 734 1096 797 uaturae
1113 724 1209 809 digni·

247 796 366 887 ta'tique
392 803 526 865 hominis
556 804 764 871 conveniensa
787 802 885 880 (cont
906 823 935 885 ρ.
966 826 994 889 3.
1018 822 1098 877 extr.
1123 809 1210 895 dap.

250 902 278 971 5.
293 891 337 969 b.)
359 890 501 963 tertium,
523 886 678 963 divinum,
709 888 794 970 supra
816 888 950 953 hominis
972 906 1114 959 naturam
1145 931 1180 952 -n

246 995 336 1039 nens.
378 974 460 1038 conf.
483 992 511 1053 p.
531 991 583 1038 20.
603 975 633 1036 b.
654 972 688 1037 dr
713 995 741 1038 c.
766 972 915 1046 Primum,
938 978 1013 1042 itud
1034 980 1095 1054 est.
1124 982 1208 1066 quod

249 1063 360 1141 vulgus
400 1050 576 1123 hominnm*
597 1058 745 1141 sequitur;
784 1060 852 1141 qui,
888 1080 1002 1144 corpus
1047 1064 1110 1127 effe
1142 1087 1205 1148 par.

246 1155 312 1211 tem
333 1148 376 1209 sui
389 1146 611 1220 existimantes,
635 1148 770 1209 materiae
793 1145 939 1219 immerti,
966 1151 1120 1233 mancipia
1139 1172 1205 1217 cor·

242 1233 332 1317 poris
354 1230 388 1295 de
416 1228 623 1295 adiestionum
650 1230 736 1312 ejus,
774 1251 878 1293 veram
904 1232 1038 1299 hum'mis
1066 1246 1206 1311 naturam

241 1318 490 1399 dignitatemque
516 1335 575 1379 nea
604 1326 717 1378 norunt
735 1335 793 1377 nec
816 1328 931 1381 curant.
989 1319 1038 1387 Ad
1060 1320 1206 1389 hasnon

245 1405 398 1486 pertinere
427 1402 554 1466 moralia
576 1398 712 1484 Epiiieti
736 1412 909 1483 praecepta,
949 1422 1004 1486 per
1035 1403 1066 1467 se
1099 1420 1204 1489 patetr

244 1491 357 1573 quippe
377 1486 430 1570 qui
450 1508 487 1551 ea
506 1506 564 1549 nea
583 1486 721 1568 capiunt,
742 1506 800 1549 nac
822 1496 937 1553 curant.
1000 1490 1146 1561 Alterum
1166 1492 1205 1558 ai·

244 1577 337 1641 vendi
356 1592 456 1652 genua
475 1592 583 1637 eorum
603 1570 662 1647 est,
681 1568 749 1654 qui,
776 1572 928 1653 propriam
955 1574 1090 1643 hominis
1120 1592 1204 1645 natu·

243 1680 309 1724 ram
327 1661 570 1742 dignitatemque
587 1658 620 1721 in
639 1660 740 1721 anima
760 1658 900 1721 rationaii
919 1660 1011 1723 ineffe
1035 1680 1203 1747 memores,

242 1748 465 1810 convenienter
478 1743 621 1825 dignitati
633 1742 679 1806 isti
692 1751 808 1805 naturae
823 1744 883 1809 suae
898 1747 1146 1827 vivereuupiunr,
1159 1748 1202 1831 da,

240 1832 436 1907 aumarebus
444 1829 602 1911 corporeis
610 1827 731 1911 prorsus
742 1827 802 1890 sese
818 1828 993 1894 abstrahere
1007 1852 1070 1897 non
1080 1834 1202 1917 poiiiut,

240 1925 345 1983 umen
367 1919 403 1979 ab
425 1915 556 1994 imperio
577 1914 718 1997 corporis
737 1910 771 1977 δι
788 1933 888 1978 rerum
903 1917 1041 1979 omnium
1061 1930 1206 1984 externa·-

237 2023 307 2069 rum
336 2003 448 2067 liberos
471 1998 532 2065 sese
552 2000 692 2083 praestare
710 1997 855 2063 nituntur.
898 2002 948 2067 Ad
969 2002 1082 2069 horum
1109 2008 1201 2071 eitam

235 2092 405 2173 regendam
448 2097 639 2169 conatusque
680 2103 788 2148 eurum
817 2083 969 2167 juvandas
1013 2090 1136 2154 vaiere=
1158 2094 1199 2157 ait

236 2196 359 2239 morum
391 2172 553 2255 civilisque
588 2172 708 2233 virtutis
736 2181 905 2251 praecepta,
944 2174 982 2236 ab
1001 2175 1150 2259 Epitreto
1168 2181 1199 2241 in

235 2259 414 2323 Euchiridio
437 2254 598 2339 propnfita.
640 2254 707 2319 Nec
727 2274 802 2318 vero
815 2257 852 2317 ad
871 2255 995 2321 tertium
1008 2279 1110 2341 genus
1126 2282 1199 2343 prae·

236 2355 326 2425 cepta
343 2343 412 2405 haec
438 2341 610 2421 pertinent,
636 2342 718 2423 quod
739 2341 861 2421 quidem
883 2343 982 2420 primo
1003 2345 1103 2411 statim
1125 2348 1196 2413 loun

236 2434 462 2490 commemorat
483 2424 678 2506 Simplicium
697 2426 782 2509 quod
807 2446 915 2490 eorum
943 2426 1005 2503 est,
1026 2433 1079 2512 qui
1110 2433 1194 2515 supra

233 2513 370 2575 huminis
393 2523 530 2575 naturam
552 2509 733 2575 adscendere
757 2510 844 2580 &ab
859 2512 944 2575 omni
966 2519 1108 2597 corporis
1123 2539 1195 2582 con.

234 2600 362 2679 tagione
388 2594 509 2677 prorsus
536 2593 626 2659 soluti
644 2594 704 2661 etie
725 2595 869 2679 cupiunt:
911 2617 1041 2681 quorum
1058 2602 1194 2683 ipsorum

227 2683 334 2749 rursus
349 2683 423 2745 duas
445 2681 540 2745 veluti
560 2678 666 2744 claffes
685 2691 737 2744 aut
752 2682 830 2744 duos
854 2684 966 2763 gradus
988 2685 1078 2764 facitr
1100 2709 1195 2755 unum

231 2771 360 2851 gradum
380 2776 504 2841 eorum,
544 2766 614 2849 qui,
656 2788 674 2829 a
694 2785 910 2846 corporearum
925 2787 1027 2833 rerum
1045 2776 1192 2857 contagia

229 2855 292 2917 sese
314 2849 507 2924 abstrudam,
529 2851 561 2913 in
589 2851 619 2913 se
644 2847 699 2934 ipit
718 2851 840 2935 penitus
868 2866 1104 2934 convertuntur,
1133 2860 1193 2925 ani·

230 2940 291 3003 rnis
315 2938 375 3002 suis
404 2936 570 3020 purgandis
598 2936 725 3008 intenti3
756 2936 894 3017 ,alterum
918 2940 1048 3018 gradum
1073 2964 1192 3023 eorum,

230 3045 311 3110 quos
334 3016 532 3107 θεωρητικοός
554 3036 662 3099 vocat,
686 3023 738 3105 qui
762 3021 833 3087 satis
858 3022 921 3106 jam
944 3027 1125 3108 purgati&
1148 3030 1191 3093 su.

230 3130 283 3193 pra
301 3110 463 3173 humanam
481 3107 593 3170 sortem
614 3108 701 3186 elati,
723 3126 804 3170 nunc
826 3109 945 3189 prorsus
965 3110 1098 3175 divinam
1120 3134 1192 3199 age.

227 3218 263 3262 re
278 3199 388 3265 vitam,
410 3192 442 3257 du
453 3193 619 3257 divinarum
638 3206 811 3256 naturarum
826 3193 1017 3270 ssmilesgfieri
1032 3213 1190 3266 conantur.

229 3284 301 3359 Quo
324 3284 362 3347 de
385 3299 501 3361 genere
510 3280 596 3355 ride,
617 3277 637 3341 sr
659 3280 776 3361 placet,
793 3297 862 3367 quae
879 3280 1041 3347 Salmafius
1052 3284 1091 3348 ad
1109 3284 1190 3351 hunc

226 3368 333 3433 locum
353 3362 513 3448 congeiirt.

179 3546 198 3605 b
313 3528 386 3600 οὔτε
406 3523 458 3600 aiv
480 3528 565 3596 reue
585 3533 634 3597 ed.
657 3533 759 3599 Heius.
784 3554 853 3599 cum
869 3535 984 3599 msstis.
1031 3539 1192 3620 Perperam

228 3608 316 3694 virae
345 3612 397 3685 aiv
424 3622 472 3684 ed.
502 3616 582 3683 ven.
646 3619 719 3682 Mox
741 3621 823 3683 idern
851 3620 994 3684 Heinsius
1020 3621 1062 3686 fic
1085 3627 1192 3702 edidit,

228 3701 283 3774 uui
303 3701 367 3770 α’πδ
395 3700 456 3770 rain
485 3702 667 3779 σωματικῶν
694 3704 800 3769 nadair
825 3702 867 3777 εἰς
884 3699 998 3770 daturin
1025 3706 1190 3787 navusv'er'r,

226 3806 362 3864 temere,
390 3792 549 3855 &invitis
574 3792 657 3852 libris
681 3792 840 3865 omnibus,
870 3791 924 3872 qui
948 3811 1019 3854 cum
1040 3796 1090 3858 ed.
1109 3795 1191 3863 Van,

228 3872 294 3943 aino*
309 3893 379 3940 ante
399 3874 462 3939 sair
488 3898 565 3952 σωμ.
594 3876 811 3957 ignaram&
837 3876 949 3938 deinde
973 3873 1028 3942 nnc*
1054 3884 1129 3943 'ante
1149 3876 1190 3953 εἷς

216 3957 466 4035 daevrr'rirabent.
553 3961 637 4027 Dein
664 3955 756 4035 ’ὅλος
781 3950 877 4035 dnn,
896 3962 984 4041 quud
1006 3981 1050 4022 en
1065 3965 1198 4045 surige&

1133 4066 1210 4104 eum
