2422 4328
100 194 173 239 n
214 162 592 263 »omum
629 178 969 233 wuston.
1011 181 1073 249 155

47 359 165 439 cidisse.
215 364 295 434 Satio
316 364 414 457 igitur
438 358 495 427 tibi
522 359 557 425 in
587 353 737 425 omnibus
765 349 823 437 sn,
843 351 1078 454 Philosophum

45 485 80 641 tsc
95 462 202 637 clio..t
224 469 258 538 si
279 483 387 537 autem
401 457 502 534 videri
523 462 620 529 ctiam
634 461 700 541 uia,
723 453 855 553 tibiipsi
876 456 1020 551 videare,
1043 467 1079 534 dt
1129 536 1132 543 ,

63 593 119 645 ntra
143 594 188 640 err
202 616 229 638 „

182 730 185 735 ⁵
269 767 358 837 CAP.
378 740 497 837 XXIX.
535 770 640 845 [uobis
660 770 728 846 cap.
749 764 870 848 xxm]

51 888 170 956 Saturio
198 891 409 974 emergentium
430 892 461 953 in
480 886 548 971 ejus
572 891 672 953 animo
689 890 920 971 cogitationum,
941 891 994 974 qui
1013 891 1084 960 Ptr-

374 988 535 1075 losoptriam
555 991 770 1073 aggrediatur.

152 1144 214 1215 Hae
232 1163 263 1215 tc
286 1146 496 1241 cogitationes
522 1162 590 1213 non
612 1143 771 1212 crucient:
797 1141 936 1212 Honore
956 1143 1086 1228 carebo,

50 1267 155 1347 nequo
175 1272 308 1345 usquam
331 1246 413 1321 ullus
440 1269 506 1315 ero.
579 1246 611 1314 Si
639 1250 727 1315 onim
755 1267 859 1315 carcre
883 1246 1026 1328 honore,
1052 1251 1087 1319 in

54 1350 145 1424 unalis
163 1346 228 1436 cst,
250 1355 302 1442 (ut
318 1370 402 1422 corte
422 1344 498 1437 estc)
523 1370 592 1419 non
613 1367 704 1445 potes
725 1351 758 1418 in
773 1345 861 1419 malo
881 1343 942 1419 effe
957 1368 1088 1449 propter

55 1449 159 1537 aliud,
183 1476 252 1525 non
270 1458 373 1551 magis
388 1476 483 1551 quam
498 1453 531 1520 in
550 1454 645 1548 turpi.
695 1447 852 1549 Nunquid
875 1455 973 1548 igitur
993 1473 1088 1526 tuum

57 1580 139 1655 opus
158 1553 220 1640 ess,
244 1560 420 1656 principatu
443 1556 560 1652 potiri,
595 1557 890 1652 convivio'accipi?
935 1554 1088 1630 Minime.

56 1655 238 1758 Qromodo
260 1664 356 1756 igitur
382 1662 447 1729 hoc
473 1653 520 1726 cst
553 1660 677 1729 honore
710 1662 837 1728 carcre.²
910 1650 1089 1757 Quomodo

57 1786 136 1845 vcro
162 1784 264 1858 neque
297 1786 431 1861 usquam
454 1759 540 1830 uttus
564 1764 642 1844 cris,
682 1786 778 1859 quom
801 1763 835 1830 in
866 1762 903 1829 iis
922 1756 999 1833 solis
1028 1758 1091 1836 etse
1152 1842 1155 1849 ,

60 1881 205 1961 oportet,
229 1888 299 1961 quac
318 1857 389 1932 sunt
408 1867 442 1931 in
469 1880 517 1944 tc,
542 1865 576 1930 in
619 1861 710 1932 uibus
729 1863 786 1932 tibi
811 1857 869 1958 ipfi
899 1862 1093 1955 maxirnc*)

61 1962 124 2036 effe
147 1964 246 2034 licet?
267 1960 330 2035 Sed
353 1967 464 2033 amicis
486 1888 644 2058 protende·
662 1987 729 2032 non
752 1967 887 2061 potero?
936 1965 1025 2059 Qud
1059 1986 1094 2040 tu

63 2071 125 2149 ais,
150 2060 319 2162 prodeffei
357 2062 439 2138 Non
459 2063 618 2157 habebunt
641 2063 696 2134 abs
716 2082 747 2134 te
767 2069 958 2161 argentum?
991 2095 1094 2169 neque

63 2194 119 2241 eos
143 2173 228 2239 circs
251 2172 419 2239 Romanos
434 2162 549 2240 facies?
595 2170 675 2265 Qis
699 2168 756 2238 tibi
786 2191 865 2264 ergo
894 2165 1001 2257 dixit,
1032 2170 1095 2247 ess'e

61 2276 132 2346 hacc
149 2276 183 2342 in
204 2273 318 2355 nobis,
337 2276 372 2342 ἀ
395 2294 463 2342 non
484 2268 585 2342 aliena
604 2275 725 2369 operat
772 2273 851 2363 Quis
864 2293 972 2345 autern
992 2277 1097 2373 potest

63 2372 138 2448 darc
164 2374 273 2461 alteri,
300 2369 389 2474 quod
409 2365 475 2473 ipsc
488 2374 684 2446 nonhabet?
705 2370 830 2446 tonde
843 2378 956 2473 igitur,
981 2382 1096 2482 inquit,

60 2500 99 2550 ut
120 2485 154 2552 ἃ
171 2504 231 2551 noa
253 2478 439 2552 habeamur.
490 2477 543 2547 ·si
569 2471 697 2575 poss'um
720 2473 877 2575 poffidcrc
896 2476 1021 2555 servam
1043 2512 1096 2557 ve·

66 2580 262 2670 rotundum,
278 2579 404 2667 fidum,
428 2584 464 2653 ἀ
489 2584 754 2678 magnanimum
781 2577 912 2655 ostende
930 2589 1036 2671 viam,
1062 2595 1098 2662 ὅ(

37 2680 41 2687 “
66 2683 247 2783 p'offrdcbo.
298 2688 332 2756 Si
359 2709 438 2756 vero
460 2708 587 2784 acquum
609 2681 739 2768 ducitis,
767 2709 840 2755 mea
854 2712 908 2756 mc
926 2688 1010 2763 bona
1027 2718 1099 2791 pcr-

68 2784 164 2872 dcrc,
213 2805 248 2859 ut
268 2813 325 2860 vos
339 2814 408 2888 quae
430 2788 515 2858 bona
538 2811 606 2861 non
633 2781 705 2857 sunt
724 2791 912 2886 acquiratis,
958 2817 1017 2865 voa
1039 2792 1100 2893 ipfi
1204 2779 1208 2785 ¹

68 2885 191 2977 videte,
215 2916 312 2989 quam
339 2895 440 2990 iniqui
465 2886 548 2973 fitis,
573 2914 734 2989 quamque
756 2893 882 2987 ingrati.
953 2894 1101 2994 Qodfi

67 2988 173 3066 fidum
193 2990 471 3094 verecundumque
498 2996 644 3065 anticum
668 3012 801 3090 argento
820 3003 1019 3093 praeponitis,
1068 3007 1102 3072 in

70 3101 135 3169 hoc
164 3120 220 3167 von
242 3100 326 3168 mihi
344 3093 565 3195 opitulamini:
591 3120 694 3194 neque
720 3121 833 3167 came
854 3123 948 3195 agere
973 3106 1102 3202 aequuni

71 3196 195 3284 ducite,
244 3200 356 3298 quibua
371 3204 434 3271 hoc
454 3195 682 3302 perdamlSed
693 3202 809 3294 patria,
830 3211 1033 3298 quantumin
1048 3233 1103 3279 mc

73 3307 143 3385 erit,
152 3298 338 3373 adiumento
352 3303 478 3376 carebit.
494 3295 623 3387 Rursus,
640 3298 729 3401 quod
749 3320 782 3372 tu
802 3305 866 3373 hoc
880 3307 923 3375 ais
938 3305 1105 3385 adiumen.

72 3411 169 3476 tum?
192 3407 336 3475 Porticus
358 3428 425 3477 non
438 3403 567 3478 habebit
579 3430 636 3502 per
655 3421 704 3491 tc,
728 3431 831 3504 neque
847 3406 994 3486 balneas?
1018 3411 1105 3512 Qid

74 3514 166 3579 turn?
199 3513 412 3606 nequeenim
433 3508 555 3580 calceos
577 3509 671 3578 habet
691 3533 748 3606 por
763 3503 957 3603 cerdonem,
1003 3545 1107 3615 nequo

72 3637 161 3683 arma
182 3635 241 3708 per
259 3605 409 3681 fabrum?
432 3614 512 3681 Satio
525 3607 570 3680 est
586 3618 710 3695 autem,
735 3606 865 3685 fisuum
881 3620 1017 3718 quisquo
1027 3647 1108 3719 opus

71 3713 206 3814 expleat.
281 3709 380 3812 Qod
402 3709 428 3784 fi
447 3717 477 3784 ci
496 3717 682 3813 quempiam
701 3711 801 3785 anum
825 3744 991 3821 comparet
1003 3727 1107 3797 civem

1003 3821 1107 3900 fidum

109 4021 136 4090 ⁸)
155 4020 240 4088 vite,
253 4036 289 4078 nc
309 4021 405 4082 moini
419 4018 558 4094 scripserit,
581 4035 628 4080 aur
640 4021 751 4078 araxim.
782 4023 882 4079 Scau.
