2422 4328
178 164 240 229 392
294 168 426 215 norat
453 162 1064 215 Auernumcurcoxmnr.
1189 180 1193 185 ·

91 308 223 388 pacm*
252 311 350 381 αὐτοῦ
369 318 429 393 ait,
464 319 504 385 Τ.
524 316 579 381 ΙΙΙ.
607 318 654 380 ed.
677 314 716 379 H.
738 314 846 393 Steplr.
871 332 903 393 p.
928 331 1011 401 191.
1039 318 1083 383 A.
1102 312 1153 379 fite

124 384 141 441 'i
181 395 221 464 ri
247 384 351 467 αὐτοῦ’
371 403 459 485 legas
485 424 555 466 cum
583 406 702 467 editore
730 398 892 464 Balileenii
921 422 954 483 p.
986 408 1062 479 183.
1092 420 1152 463 nan

180 490 263 569 quod
286 486 499 571 Lugduneqlia
520 488 611 552 habet
633 508 659 563 p.
680 504 747 563 322.
769 484 802 548 F.
820 480 859 550 τδ
888 478 994 569 ἥμισυ
1019 483 1092 551 τοῦ
1109 479 1152 549 ai
1192 508 1199 539 «-

181 570 253 645 τοῦ,
283 575 315 636 id
347 576 470 656 quidem
498 572 577 636 haud
603 572 694 637 dubie
713 572 854 635 titiolitm
874 571 930 634 est.
981 571 1151 651 Rursusque
1192 576 1199 593 ''

180 658 273 739 paulo
300 658 365 737 poll
384 660 514 734 ibidem,
553 650 628 725 ’ὅταν
655 648 706 723 οὖν
731 650 851 744 ἐντύχῃ
878 653 927 741 api
955 652 1066 723 αὐτοῦ’
1086 654 1149 735 (lite

179 738 291 821 edroi)
318 738 421 825 aletae
450 746 498 809 ed.
528 746 567 812 H.
592 744 696 825 Steph.
722 762 750 824 p.
775 758 843 825 ¹92·
864 742 900 803 B.
933 744 1149 805 consentiente

179 830 317 893 editione
349 830 447 911 Lugd.
468 849 497 909 p.
520 845 590 911 323.
611 830 646 892 C.
692 826 847 891 Caeterum
873 846 941 889 oon
969 832 1017 890 de
1045 827 1149 891 amico·

178 933 247 977 rum
276 916 418 990 caritate,
463 916 513 977 sed
539 918 577 976 de
606 935 712 976 amore
739 912 896 996 conjugali
930 914 1033 977 verba
1057 914 1150 975 fecere

179 998 235 1061 isto
256 1000 327 1061 loco
349 998 506 1062 Platonem
530 1016 639 1061 notum
656 998 707 1063 eli.
751 992 810 1079 atqie
832 1000 866 1061 du
884 990 1036 1073 λόγοις
1057 990 1149 1075 ardrie

179 1085 328 1170 ἐφιεμένῃ
349 1080 434 1165 δρᾷν.
476 1077 537 1165 atqie
560 1086 592 1146 ie
620 1080 771 1161 diluere
790 1086 904 1146 babent
925 1084 1001 1147 edd.
1023 1082 1149 1146 conlen·

179 1170 325 1231 tientibus
348 1172 472 1240 lllsstisa
495 1170 601 1247 idest,
635 1173 683 1233 uel
701 1174 731 1235 in
756 1174 882 1249 paucis,·
919 1186 1075 1251 perquem
1102 1168 1149 1230 sri-
1199 1240 1202 1245 ¹

178 1254 259 1333 gide.
305 1252 537 1334 Peripeiiiffime
560 1276 650 1331 vero,
677 1266 711 1317 ut
731 1255 859 1335 plurima
880 1251 959 1329 alia,
996 1252 1149 1319 Wolfius:

179 1336 283 1413 „Quid
302 1336 341 1414 li,
366 1340 426 1415 ait,
449 1334 507 1424 eqiu
531 1345 564 1403 iu
582 1335 741 1417 liuore?
769 1342 816 1404 vel
834 1342 865 1403 in
887 1338 992 1405 uerbis
1018 1336 1061 1405 ὅ
1082 1358 1148 1403 ura·

179 1431 281 1497 „tione
301 1428 464 1491 amicitiam
488 1448 621 1492 certiore:
642 1427 712 1509 quia
733 1424 881 1508 sequitur,
907 1442 936 1487 -ι
965 1426 1037 1489 vita
1047 1422 1148 1507 subla

179 1518 268 1587 „tam
292 1506 376 1593 effe.“
425 1510 504 1587 Quae
537 1512 712 1575 emendatio
734 1510 768 1575 δι
787 1510 861 1573 mihi
880 1508 912 1570 in
933 1522 1080 1572 mentem
1100 1528 1148 1572 ve·

179 1606 283 1668 uerat,
306 1596 479 1679 priusquam
502 1618 520 1661 a
541 1596 659 1663 Wolfio
681 1598 827 1678 prolatam
849 1594 1147 1666 animadverterem

178 1674 214 1741 dt
237 1700 304 1742 eam
325 1684 389 1743 veri
412 1680 542 1761 speciem
562 1683 674 1745 habere
693 1682 767 1745 mihi
790 1680 851 1745 visa
869 1678 929 1752 est,
959 1688 996 1741 ut
1017 1678 1054 1741 in
1076 1698 1147 1741 cun·

178 1775 299 1828 textum
327 1769 471 1847 adoptare
494 1788 558 1831 non
585 1768 762 1831 dubitarem.
811 1764 931 1847 Nempe
955 1760 998 1826 lic
1022 1762 1148 1826 excusat

179 1844 357 1934 Simplicius
384 1851 559 1935 longiorem
586 1854 757 1917 sermonem
782 1850 869 1939 super
898 1848 1049 1911 Amicitia
1070 1848 1148 1913 iulii·

179 1945 302 2014 tutum,
334 1950 368 2002 ut
387 1939 484 2016 dicat,
512 1940 659 2023 quoniam
680 1940 711 1999 in
733 1939 792 1999 vita
813 1936 976 1998 hominum
998 1954 1068 1997 uon
1089 1954 1148 1995 am-

180 2022 262 2101 plius
287 2024 376 2086 detur
414 2044 540 2087 cernere
574 2044 642 2088 eem
678 2019 959 2086 excellentiffimam
990 2020 1150 2093 virtutem,

181 2106 212 2168 se
240 2112 421 2193 cogitatione
436 2111 550 2193 ,saltem
574 2113 764 2193 orationeque
800 2110 884 2186 (narn
913 2122 1083 2187 utrumque
1109 2105 1150 2166 di·

182 2188 287 2255 stione
313 2194 366 2257 illa
385 2200 418 2257 ἐν
447 2192 549 2274 λόγοις
575 2194 765 2269 continetur)
803 2192 972 2273 imaginem
1000 2190 1070 2273 ejus
1099 2191 1149 2251 de-

182 2276 312 2357 pingere
334 2279 477 2354 voluilse,
519 2303 581 2364 quo
610 2279 722 2345 mentis
743 2280 846 2343 saltem
867 2274 1013 2357 adspeiiu
1034 2273 1148 2339 delide·

183 2363 261 2424 rium
292 2364 377 2427 suum
410 2366 530 2431 leniret.
581 2366 633 2431 Est
662 2386 736 2429 vero
766 2363 800 2429 de
829 2363 879 2427 hic
904 2361 1033 2423 minime
1054 2360 1149 2421 infre-

182 2462 281 2524 quena
303 2450 493 2515 librariorum
524 2451 640 2531 lapsus,
679 2461 714 2513 ut
740 2470 833 2513 voces
860 2441 953 2525 λόγος
981 2444 1016 2509 ἃ
1043 2442 1149 2520 diique

181 2542 300 2595 temere
321 2534 403 2597 inter
422 2536 450 2596 se
472 2548 663 2616 permutent3
706 2534 740 2599 de
761 2536 822 2598 hoc
848 2532 912 2615 ipso
935 2532 1009 2593 loco
1028 2532 1061 2593 in
1086 2551 1150 2592 uno

183 2616 278 2680 etiam
306 2638 325 2680 e
357 2620 466 2683 nostris
492 2621 650 2685 codicibus
680 2621 725 2701 (in
754 2620 811 2698 Pi.)
834 2620 963 2699 primum
982 2619 1015 2677 ia
1045 2611 1150 2692 λόγοις

183 2699 327 2785 scriptum
350 2704 463 2775 fuerat,
485 2727 503 2766 e
526 2705 646 2768 meliori
669 2720 745 2785 puto
767 2705 874 2768 codice
894 2703 1082 2769 derivatum
1107 2703 1151 2763 id-

184 2802 246 2866 que
267 2788 378 2850 deinde
401 2792 524 2852 demum
546 2793 582 2852 ad
609 2788 745 2853 mendosi
772 2789 900 2871 alicujus
920 2786 988 2850 libri
1010 2786 1152 2865 praescri·

183 2880 271 2950 ptum
297 2874 330 2935 in
361 2878 393 2937 ἐν
426 2871 541 2952 ὀλίγοις
563 2887 722 2941 mutatum.
779 2876 924 2956 Ejusdem
956 2869 1152 2934 coniufionis

184 2956 325 3045 exempla
346 2957 369 3021 fi
390 2964 521 3043 quaeris,
541 2964 673 3043 reperies
695 2963 727 3023 in
752 2958 844 3023 Notis
865 2957 974 3021 nostris
994 2954 1029 3018 de
1054 2956 1151 3019 varie·

182 3051 249 3107 tlte
267 3041 431 3117 :Lentonis
458 3049 495 3110 ad
520 3046 652 3127 Epiueti
678 3044 802 3110 Dissert.
821 3044 844 3108 l.
865 3062 894 3125 3,
913 3059 946 3124 4.
968 3038 1001 3103 ὅτ
1021 3040 1062 3113 ad
1091 3039 1151 3103 P0·

183 3127 248 3211 lyb·
272 3128 357 3195 vlu.
384 3146 414 3209 2,
437 3129 466 3196 6.
494 3131 528 3196 du
550 3132 619 3197 Xll.
644 3149 695 3207 22,
719 3148 750 3211 4.
806 3129 902 3212 Cujus
936 3127 1033 3190 moris
1061 3126 1152 3188 libra-

184 3213 349 3278 riorumst
380 3218 557 3283 recordatus
585 3215 676 3280 effem
699 3228 782 3291 tum,
819 3236 890 3278 cum
910 3213 1019 3277 librum
1041 3211 1147 3273 secun·

185 3298 260 3362 dum
288 3299 488 3365 Historiarum
522 3303 642 3384 Polybii
675 3303 759 3386 typis
798 3299 1027 3366 exscribendum
1064 3316 1150 3377 para·

185 3401 250 3445 rem
280 3398 331 3448 aut
361 3406 430 3449 cum
459 3388 686 3451 Adnotationee
714 3389 745 3449 in
780 3388 864 3450 illam
896 3385 999 3466 operis
1027 3399 1152 3462 partem

186 3466 428 3547 conscriberem,
465 3493 528 3536 non
556 3474 765 3553 praeteriturus
787 3493 837 3535 me
864 3482 929 3535 erat
949 3486 1034 3532 error
1055 3469 1150 3530 verba

186 3569 223 3611 ea
243 3551 401 3632 obfidene,
421 3576 490 3641 quae
515 3559 657 3638 leguntur
678 3559 756 3621 libro
776 3558 816 3622 Il.
841 3575 907 3635 cup.
928 3573 982 3633 70,
1004 3570 1033 3616 2.
1056 3547 1076 3632 ἦ
1097 3546 1150 3615 τό·

186 3657 231 3716 κη
253 3631 296 3701 tui
317 3648 454 3717 μέγιστα
480 3639 542 3707 raia
560 3639 755 3726 πραγμάτων
777 3636 886 3728 rapui
911 3637 1032 3716 λόγον
1063 3628 1151 3702 daie

187 3727 305 3805 xpiane.
357 3726 465 3791 Vbifi
500 3725 590 3811 πάρ’
622 3726 980 3806 ὀλίγον·οοποκετίε,
1019 3723 1065 3804 (id
1093 3722 1148 3799 est,

185 3810 307 3872 minimo
327 3824 486 3884 momento.
511 3815 611 3896 aptius
632 3816 735 3878 omnia
755 3814 970 3883 cohaerebunt,
991 3810 1150 3891 ipsamque

186 3892 268 3960 baud
296 3896 386 3963 dubie
415 3897 541 3987 Polybii
566 3894 743 3985 sssfilifflm
770 3899 919 3973 mihin
948 3913 1042 3978 qum
1064 3914 1165 4031 gea&
